3234 4850
238 538 242 545 .
290 483 334 542 rel
369 487 525 562 potius-ex
548 483 604 543 bae
626 486 689 562 ipsa
711 487 825 566 Didymi
850 488 1046 565 disputatione
1074 495 1219 567 sumptam
1243 508 1307 550 esse
1329 490 1407 566 glos-

289 607 349 648 sam
371 591 507 670 Hesy'chii
532 586 636 670 ἥμισυ
663 590 777 675 τρίτον
805 589 867 654 δύο
890 589 994 674 ἥμισυ
1014 589 1210 674 Ἀρχίλοχος.
1243 597 1321 675 quod
1340 615 1407 674 per-

290 713 391 772 peram
412 697 489 756 inter
504 699 672 760 Archilochi
695 699 859 778 fragmenta
878 702 1003 762 relatum
1019 707 1071 769 est,
1096 703 1179 779 quasi
1200 708 1287 777 poeta
1303 696 1408 781 ἥμισυ

233 837 239 848 ·
289 800 403 878 τρίτον
431 803 558 865 dixisset.
603 827 700 886 neque
727 815 900 885 corruptum
923 827 987 868 esse
1016 826 1123 868 nomeu
1145 806 1312 867 Archilochi
1340 827 1408 886 per·

289 908 393 968 suadet
419 912 594 972 norissimus
619 915 713 974 editor
741 913 887 992 Hesychii.
924 915 1064 973 nimirum
1096 933 1161 974 oum
1190 916 1407 990 grammaticus,

289 1020 321 1073 ut
348 1016 507 1093 explicaret
535 1019 604 1096 quid
632 1026 709 1080 esset
731 1013 835 1098 ἥμισυ
863 1018 977 1099 τρίτον
1004 1019 1048 1079 rel
1075 1019 1189 1097 τρίτον
1214 1011 1406 1098 ἡμιπόόιον,

282 1116 406 1180 ¹versum
435 1122 601 1184 Archilochi
629 1125 846 1204 adscripsisset,
869 1123 946 1201 quod
969 1143 1038 1184 mox
1059 1125 1225 1201 glossarum
1248 1127 1408 1203 scriptores

288 1232 317 1290 in
333 1243 402 1286 suos
422 1227 513 1287 libros
528 1239 719 1309 receperunt,
746 1231 908 1310 Hesychius
928 1231 1135 1307 inprudenter,
1157 1232 1309 1295 olfacere
1332 1250 1408 1290 eon-

173 1392 177 1402 ,
288 1335 396 1402 suerit,
434 1334 507 1394 baec
529 1338 567 1396 ita
591 1339 741 1398 coniunxit
763 1343 792 1398 el
820 1336 976 1403 imminuit,
1005 1343 1038 1395 ut
1059 1337 1129 1396 nihil
1153 1338 1209 1396 nisi
1231 1336 1357 1413 glossam
1378 1338 1406 1396 in

271 1441 368 1500 ¹initio
390 1444 515 1518 positam
538 1453 567 1502 et
586 1460 695 1502 nomen
717 1449 822 1521 poetae
842 1440 1029 1518 relinqueret.

372 1548 451 1608 Haec
477 1549 620 1610 hactenus
644 1549 681 1609 de
707 1547 830 1626 Didymo
859 1547 1059 1625 grammatico.
1105 1546 1211 1624 quibus
1233 1547 1305 1607 illud
1326 1552 1406 1606 certe

287 1653 445 1730 probatum
475 1661 532 1723 est,
567 1653 676 1715 nullam
708 1654 786 1732 apud
820 1671 888 1714 eum
921 1658 1020 1713 extare
1048 1652 1197 1713 Heliodori
1223 1653 1404 1713 memoriam.

287 1761 419 1837 sequitur
440 1766 472 1819 ut
494 1759 644 1820 rideamus
665 1763 734 1839 quid
757 1761 806 1822 alii
828 1768 964 1822 auctores
983 1761 1020 1820 de
1035 1767 1128 1821 aetate
1145 1768 1173 1820 et
1188 1759 1291 1820 studiis
1309 1776 1405 1834 gram-

287 1867 382 1926 matici
410 1867 590 1930 tradiderint.
625 1869 680 1927 arti
707 1869 848 1928 metricae
874 1868 963 1945 igitur
986 1884 1107 1948 opegam
1131 1866 1246 1926 dedisse
1269 1863 1406 1930 Heliulo·
1465 1931 1467 1935 ¹

287 1990 352 2032 rum
374 1978 402 2032 et
424 1968 624 2053 ἐγχειρίδιον
646 1975 798 2051 scripsisse
820 1975 855 2033 iis
877 1975 927 2052 qui
949 1979 1054 2032 artem.
1067 1973 1182 2032 discere
1196 1971 1304 2032 vellent
1318 1971 1406 2030 desti·
1449 1982 1452 1987 ·

287 2085 388 2138 natum
411 2084 514 2137 auctor
541 2086 584 2138 est
607 2079 757 2156 Longinus
777 2079 853 2158 prol.
876 2076 906 2138 ln
927 2078 1084 2156 Hephaest.
1107 2097 1135 2156 p.
1154 2079 1211 2138 142
1235 2079 1280 2138 ed.
1303 2077 1403 2144 Gaisl,

286 2178 337 2244 ὅτι
358 2180 518 2266 δὲ’-ταῦτα
537 2178 642 2255 οὕτως
657 2184 747 2263 Ιἔχει,
772 2177 975 2265 Ἡλιόδωρος
995 2184 1056 2244 τοῦ
1083 2182 1284 2266 ἐγχειριδίου
1305 2177 1407 2263 ἀρχό-

285 2309 386 2369 μενος
406 2283 492 2349 οότω
518 2288 623 2370 λέγει,
653 2299 722 2362 τοῖς
741 2287 960 2370 βουλομένοις
982 2286 1020 2350 ἐν
1040 2285 1155 2368 χερσὶν
1178 2290 1266 2371 ἔχειν
1287 2285 1328 2350 τὰ
1350 2309 1406 2350 xe·
1449 2317 1460 2338 ·

258 2391 559 2477 Χιγνλοιιωόείιιεριι
588 2395 646 2475 τῆς
671 2395 829 2478 μετρικῆς
855 2392 1039 2478 γέγραπται
1066 2390 1105 2457 τό
1132 2397 1266 2478 βιβλίον
1295 2397 1404 2459 τοῦτο.

286 2505 399 2563 initium
420 2502 488 2561 libri
510 2503 630 2562 ductum
656 2520 719 2563 esse
742 2522 757 2563 a
781 2504 951 2565 delinitione
973 2506 1059 2581 metri
1082 2505 1158 2564 idem
1181 2505 1270 2564 tradit
1286 2522 1315 2582 p.
1337 2504 1405 2574 138,

285 2610 346 2669 τοῦ
368 2606 405 2669 δὲ
428 2604 505 2688 περὶ
524 2605 655 2688 μείρων
673 2605 776 2688 λόγον
792 2606 1103 2689 πολλοίπολλιιχοῖς
1116 2605 1272 2690 ἤρξαντο,
1295 2607 1331 2668 οί
1343 2606 1407 2688 μὲν

286 2711 352 2777 ἀπό
375 2715 564 2794 στοιχείων,
588 2706 633 2785 ιός
654 2710 850 2794 Φιλόξενος,
875 2712 911 2777 el
929 2713 967 2777 dl
989 2710 1056 2821 ἀπό
1076 2715 1137 2777 τοῦ
1157 2711 1289 2795 μέτρων
1311 2709 1405 2794 ὅρον,

285 2816 329 2894 oie
350 2816 562 2903 Ἡλιόδωρος.
606 2820 871 2892 honorationem,
902 2823 981 2901 quod
1004 2823 1134 2882 tironum
1159 2822 1406 2881 institutionema
1455 2855 1459 2867 ·

255 2982 256 2985 ,
286 2922 453 2989 delinitione
470 2929 557 2988 metri
575 2926 778 2997 inchoavisset‚
799 2930 1033 3015 reprehenderat
1048 2929 1224 3007 Hephaestio
1240 2934 1314 2987 teste
1329 2926 1405 2986 Lon·

285 3034 353 3113 gine
371 3052 399 3111 p.
421 3036 488 3103 141,
505 3027 581 3113 περὶ
599 3028 637 3093 dl
658 3027 749 3113 ὅρων
766 3030 890 3115 με’τρον
912 3035 977 3097 νῦν
1000 3034 1106 3096 εἰπεῖν
1129 3027 1191 3095 odel
1207 3026 1404 3111 ἀναγκαῖον.

286 3133 385 3211 αὐτὸς
406 3134 470 3219 γὰρ
501 3132 743 3220 όἩφιιιστίων
772 3138 916 3200 οιίτιιῖιιιι
937 3136 997 3201 τόν
1011 3133 1235 3221 Ἡλιόδωρον,
1267 3135 1317 3201 ὅτι
1338 3148 1407 3211 τοῖς
1497 3134 1501 3140 ’

286 3244 524 3327 ἐπαρχομένοις
544 3242 682 3326 γράψει’
709 3252 778 3316 τοῖς
799 3240 864 3326 γὰρ
884 3240 1036 3325 ἀπείροις
1057 3240 1113 3305 καὶ
1135 3252 1204 3317 τοῖς
1223 3242 1321 3325 μήπω
1347 3245 1406 3325 τῆς

285 3353 503 3432 μητροποιίοις
523 3348 736 3430 γεγευμένοις
759 3344 930 3411 ἀδύνατον
952 3352 1073 3430 νοῆσαι
1093 3348 1153 3411 τόν
1175 3346 1266 3432 ὅρον.
1291 3353 1404 3429 inipso

286 3460 404 3537 quidem
426 3459 649 3537 Hephaestionis
677 3457 753 3518 libro
782 3476 870 3537 quem
892 3475 971 3543 npnc
993 3455 1138 3555 babemus
1166 3458 1235 3518 nihil
1258 3459 1349 3519 eade
1372 3478 1406 3519 re

285 3566 406 3642 legitur;
431 3566 480 3625 sed
503 3568 533 3625 in
555 3567 707 3643 prooemio
730 3564 842 3644 aliquo,
867 3564 945 3643 quod
968 3571 1069 3641 postea
1089 3565 1244 3633 intercidit,
1270 3566 1404 3641 Hephae-

286 3674 409 3733 stionem
437 3672 473 3733 de
500 3675 651 3750 proposito
679 3690 732 3731 suo
761 3670 958 3748 disputantem
987 3670 1060 3730 baec
1082 3671 1190 3730 dixisse
1211 3669 1405 3748 probabiliter

285 3779 409 3837 coniecit
426 3778 570 3856 Berghins
593 3778 611 3837 l.
636 3798 661 3838 c.
685 3796 712 3855 p.
738 3775 810 3836 377.
824 3777 909 3852 ¹apud
932 3776 1178 3855 Hephaestionem
1208 3783 1306 3835 autem
1326 3793 1405 3834 nnuc

285 3884 376 3944 semel
398 3883 499 3943 relicta
523 3891 567 3943 est
587 3882 736 3943 lleliodori
761 3885 903 3943 memoria
927 3901 955 3960 p.
980 3877 1188 3962 16,φησλόὲ
1212 3874 1405 3942 όἩλιόὸω-

286 4011 344 4072 ρος
370 3984 408 4050 τό
435 4010 459 4069 μ
487 3982 732 4069 ἐπιφερόμενον
760 3984 888 4073 ἄφιόνςο
915 3976 1017 4067 ἧττον
1045 3987 1113 4047 τῶν
1149 3982 1262 4049 όίλλων
1290 3979 1406 4067 ὑγρῶν

286 4090 401 4169 κοινὰς
428 4104 537 4157 ποιεῖν
560 4091 598 4154 ἐν
618 4102 686 4166 τοῖς
715 4092 808 4156 ἔπεσι
831 4091 1011 4174 συλλαβάς.
1048 4114 1122 4173 quae
1144 4098 1206 4174 ipsa
1228 4114 1348 4173 quoque
1369 4114 1403 4153 ex

285 4202 430 4263 breviario
453 4203 602 4263 lleliodori
624 4204 712 4280 petita
735 4220 798 4262 esse
820 4200 906 4261 etad
927 4221 995 4262 eum
1017 4201 1115 4261 locum
1139 4204 1188 4280 qni
1209 4207 1252 4261 est
1272 4201 1308 4260 de
1324 4219 1404 4258 corn-

286 4308 424 4368 munibus
447 4307 580 4389 syllabis,
601 4300 673 4387 quas
695 4308 788 4369 larini
811 4309 993 4384 grammatici
1016 4308 1131 4377 dicunt,
1152 4308 1301 4386 pertinere
1323 4312 1403 4383 puto.
