3234 4850
296 530 333 589 ad
356 527 444 589 alium
467 529 613 608 quendam
636 530 764 590 eiusdem
787 534 915 592 nominis
937 531 1160 608 grammaticum
1179 532 1335 592 reserenda
1357 533 1415 592 sint

255 621 259 644 ¹
297 653 330 694 ea
352 653 427 713 (prae
449 635 485 695 de
507 635 643 713 prosodia
665 636 799 697 vocabuli
820 629 961 715 ἀνδριάς
983 619 1085 697 contra
1103 635 1294 697 Heliodorum
1314 637 1413 716 dispu-

225 751 229 761 ·
295 747 337 801 tat
364 742 548 803 Herodianus
576 736 653 819 περὶ
681 763 758 822 μον.
787 742 853 802 λε.
883 761 911 821 p.
931 746 982 813 34,
1006 746 1053 812 15,
1078 736 1140 803 οὐκ
1161 721 1275 820 dyvooi
1297 738 1335 802 dl
1364 737 1415 801 ὅτι

290 820 489 926 Ἡλιόδωρος
510 845 668 928 ἐβούλετο
688 843 769 909 αὐτὸ
787 849 967 930 περισπᾶν.
1000 867 1097 927 neque
1114 866 1193 909 nunc
1206 851 1318 908 incerta
1334 850 1414 908 testi-

295 955 393 1015 monia
416 955 543 1014 excitare
568 955 611 1015 vel
630 973 747 1016 omnem
773 955 809 1015 de
831 956 1029 1034 grammaticis
1043 957 1114 1015 eius
1134 954 1260 1013 nominis
1283 953 1412 1030 disputa-

296 1062 404 1120 tionem
430 1066 565 1137 repetere
593 1061 697 1140 placet.
734 1047 768 1122 ea
793 1069 890 1121 autem
917 1080 993 1138 quae
1022 1068 1103 1122 certo
1134 1061 1171 1120 ad
1196 1046 1352 1120 metricum
1377 1059 1414 1118 de

295 1185 354 1244 quo
371 1165 494 1225 dicimus
517 1169 666 1244 pertinent
688 1170 898 1247 conposuimus
922 1169 1028 1228 omnia.

380 1272 467 1332 Aetas
488 1277 586 1331 antem
608 1277 791 1350 grammatici
814 1293 902 1352 quam
927 1274 993 1334 latis
1014 1274 1121 1333 tinibus
1140 1273 1361 1350 circumscripta
1378 1271 1414 1331 sit

295 1381 426 1457 adparet.
480 1397 547 1437 nam
571 1386 604 1436 ut
631 1382 744 1454 primus
762 1379 941 1456 Hephaestio
970 1381 1032 1438 eius
1059 1381 1238 1438 mentionem
1266 1377 1349 1445 lecit,
1375 1379 1413 1436 ita
1508 1378 1513 1386 '

295 1486 357 1561 ipse
385 1482 541 1542 Seleucum
568 1485 664 1542 citavit
690 1483 766 1560 apud
795 1484 978 1542 Priscianum
1010 1502 1036 1560 p.
1062 1483 1156 1550 1328,
1191 1484 1354 1556 Aeschylus
1381 1486 1412 1539 io

295 1583 376 1650 ἑπτὰ
394 1582 447 1649 ἐπὶ
460 1583 572 1667 Θήβας
581 1581 834 1668 Ἱππομέδοντρς
849 1587 938 1666 σῆμα
954 1584 1010 1649 καὶ
1025 1586 1126 1668 μέγας
1141 1584 1253 1656 τύπος.
1274 1589 1306 1644 lo
1318 1589 1410 1659 prait-

294 1701 374 1772 cipio
399 1699 476 1756 euim
508 1694 679 1753 trochaeum
698 1696 811 1771 posuit,
842 1712 928 1771 quem
945 1698 1064 1756 inritans
1085 1677 1244 1771 Sophocles
1264 1700 1333 1752 teste
1354 1691 1411 1751 Se-

295 1808 378 1863 leuco
397 1801 522 1876 profert
547 1802 697 1875 quaedem
725 1792 831 1887 contra
859 1805 953 1874 tepem
980 1810 1155 1872 metrorum,
1188 1806 1264 1862 sicot
1289 1806 1320 1860 m
1348 1802 1411 1871 boe,

291 1903 538 1986 Ἀλφεσίβοιαν,
556 1895 601 1983 ἣν
624 1884 641 1965 b
662 1901 829 1984 γεννήσας
847 1903 964 1987 πατήρ,
999 1908 1192 1986 nequeenim
1213 1906 1339 1966 dubitari
1359 1924 1412 1985 po·

297 2020 354 2073 test
373 2013 442 2090 quin
466 2011 540 2072 haec
563 2030 689 2094 quoqne,
704 2013 788 2072 -sicut
811 2013 922 2093 reliqua
948 2034 1023 2093 quae
1039 2032 1074 2075 eo
1096 2014 1162 2073 loco
1178 2013 1254 2072 dicta
1277 2019 1352 2079 sunt,
1377 2031 1411 2071 ex

296 2119 444 2180 Heliodori
472 2117 547 2176 libro
575 2117 742 2179 Priscianus
768 2118 965 2201 descripserit.
1002 2121 1158 2187 Seleucum
1185 2137 1275 2196 porro
1303 2117 1412 2195 aliquot

296 2229 379 2287 annis
401 2233 468 2286 ante
489 2227 696 2300 imperatorem
715 2227 879 2305 Augustum
906 2229 997 2289 inisse
1024 2227 1157 2305 probavit
1176 2225 1213 2285 bl.
1234 2223 1413 2283 Schmidtius

295 2334 398 2394 Philol.
422 2333 462 2394 lll
487 2350 516 2410 p.
536 2331 607 2390 437.
637 2333 734 2411 itaque
763 2340 911 2414 certorum
940 2335 1056 2412 quidem
1086 2338 1327 2411 argumentorum
1355 2331 1412 2390 tide

295 2444 372 2502 inter
388 2440 510 2518 Augusti
529 2445 663 2517 tempora
685 2446 714 2507 et
735 2439 860 2500 alterum
878 2448 945 2518 post
961 2442 1107 2501 Christum
1130 2447 1230 2499 natum
1252 2437 1411 2507 saeculum,

297 2565 354 2626 quo
372 2554 505 2623 tempore
524 2544 769 2622 Hephaestionem
793 2547 898 2607 vixisse
921 2552 1048 2615 constat,
1065 2537 1220 2605 'Heliodori
1243 2552 1323 2603 aetas
1341 2562 1411 2602 con-

297 2652 432 2711 stituitur.
477 2651 528 2710 sed
551 2669 625 2728 quae
646 2658 801 2729 praeterea
820 2652 857 2711 de
877 2670 913 2710 eo
935 2654 1095 2711 memoriae
1117 2650 1232 2728 prodita
1253 2657 1322 2736 sunt
1344 2668 1410 2727 per-

297 2758 421 2827 suadere
453 2757 588 2816 videntur
613 2764 645 2816 ut
672 2758 794 2834 propius
820 2757 857 2816 ab
886 2757 1101 2835 Hephaestione
1128 2775 1215 2836 quam
1243 2776 1260 2816 a
1288 2756 1411 2816 Seleuco

296 2862 392 2939 ipsum
419 2862 549 2923 abluisse
574 2863 738 2923 credamus.
784 2882 853 2923 nam
879 2882 917 2924 ne
944 2865 1039 2924 dicam
1064 2863 1193 2923 indolem
1219 2869 1247 2922 et
1267 2863 1410 2921 rationem

296 2965 379 3035 libri,
409 2986 467 3045 quo
490 2969 514 3026 is
536 2967 651 3027 utilitati
678 2988 780 3032 eorum
810 2971 860 3048 qui
886 2977 979 3031 artem
1000 2972 1152 3030 metricam
1172 2968 1286 3029 discere
1306 2967 1412 3027 vellent

297 3071 477 3141 consulebat,
499 3076 694 3135 recentiorem
707 3058 815 3153 ¹potius
836 3080 1058 3152 grammaticum
1081 3094 1169 3154 quam
1188 3077 1339 3153 antiquum
1360 3074 1411 3158 de·

298 3196 380 3245 cere,
407 3197 440 3237 ca
468 3197 543 3257 quae
571 3180 606 3239 dc
629 3180 820 3259 Hipponactis
840 3182 1024 3260 aliorumque
1045 3188 1199 3258 poetarum
1220 3180 1354 3240 versibus
1376 3199 1411 3241 eo

297 3290 418 3344 auctore
439 3264 605 3344 Priscianus
628 3285 739 3345 rettulit
760 3290 864 3347 miram
884 3287 1033 3375 quandam
1055 3288 1125 3345 artis
1146 3289 1327 3347 inscientiam
1342 3305 1410 3364 pro·

298 3391 380 3460 dunt,
394 3410 480 3469 quam
492 3392 521 3450 in
533 3390 720 3451 Aristarcheo
733 3396 924 3470 grammatico
937 3394 988 3472 (sic
1002 3394 1079 3453 enim
1092 3392 1254 3470 voluerunt)
1268 3409 1356 3468 aegre
1369 3392 1410 3451 lc·

298 3478 406 3557 ramus]
426 3503 579 3574 praeterea
591 3498 754 3569 Irenaeum,
769 3499 945 3578 discipulum
957 3499 1115 3568 Heliodori,
1124 3498 1255 3577 quamvis
1267 3497 1304 3555 de
1316 3504 1410 3557 notato

299 3604 360 3663 cius
372 3602 443 3661 nihil
458 3604 617 3663 memoriae
629 3604 775 3680 proditum
792 3606 837 3675 sit,
850 3613 948 3665 tamen
964 3612 1086 3682 propter
1101 3605 1264 3664 studiorum
1277 3623 1369 3681 genus
1381 3606 1410 3662 in

299 3714 495 3785 quoversatus
506 3713 549 3767 est
561 3707 781 3770 vixHerodiano
789 3712 980 3789 grammatico
993 3712 1176 3789 superiorem
1190 3710 1279 3770 fuisse
1290 3710 1410 3789 putabi-

299 3831 372 3872 mus
384 3832 451 3873 nam
464 3834 497 3874 ea
510 3814 627 3874 demum
641 3822 734 3877 aetate
747 3824 839 3877 artem
852 3815 1069 3893 etdiscipllnam
1081 3817 1284 3893 eorumquide
1296 3815 1410 3893 legibus

298 3920 365 3995 puri
388 3926 416 3979 et
435 3921 521 3980 Attici
542 3923 686 3983 sermonis
705 3923 900 4002 quaerebant,
929 3924 958 3980 in
981 3939 1108 3998 quorum
1129 3940 1253 3982 numero
1275 3923 1329 3983 fuit
1349 3924 1410 3983 Ire·

298 4040 403 4093 naeuS,
426 4028 553 4086 extitisse
574 4035 709 4089 constat
727 4029 773 4088 his
794 4029 883 4105 igitur
899 4028 1073 4110 rationibus
1092 4028 1198 4088 ductus
1219 4028 1408 4089 Heliodorum

299 4148 357 4189 non
378 4131 416 4189 ita
437 4122 528 4192 multo
550 4136 744 4212 antiquiorem
763 4134 851 4194 luisse
871 4152 958 4213 quam
971 4136 1215 4213 Hephaestionem
1237 4138 1408 4214 putaverim.

300 4235 400 4294 inutile
427 4254 497 4296 vero
525 4244 569 4297 est
590 4240 619 4298 in
647 4246 729 4299 tanta·
754 4240 880 4298 nominis
899 4238 1047 4299 lleliodori
1068 4242 1230 4320 frequentia
1256 4262 1407 4321 quaerere,

299 4357 370 4399 num
399 4342 464 4418 quis
491 4345 527 4402 sit
549 4362 583 4403 ex
602 4346 637 4403 lis
655 4345 691 4404 do
715 4363 841 4423 quorum
866 4352 959 4406 aetate
983 4350 1090 4407 certius
1110 4356 1236 4419 constat,
1262 4350 1297 4409 ad
1321 4369 1409 4428 quem
