3234 4850
768 337 886 422 ...10--

253 508 415 594 ἐπιτομὴν
429 514 497 574 τῶν
511 509 741 598 Ἡρακλέωνος
762 511 818 577 καὶ
840 511 925 577 ἄλλα
945 513 1031 578 τινα.
1060 522 1192 596 quamvis
1207 524 1283 582 enim
1302 541 1369 601 per-

251 623 367 684 turbata
397 640 461 682 esse
487 629 601 682 constet
630 642 705 701 quae
735 624 840 684 Suidas
865 623 902 684 de
932 643 983 685 sex
1016 629 1228 702 grammaticis,
1264 629 1370 706 quibus
1445 662 1449 668 ·

251 745 359 788 nomen
381 728 495 807 Didymi
517 731 619 799 luerit,
642 731 753 800 scribit,
777 738 876 790 tamen
900 749 1003 790 eorum
1025 750 1100 810 quae
1123 731 1160 792 de
1182 731 1302 793 Claudio
1323 734 1369 793 Di·

252 835 338 914 dymo
360 836 468 912 scripta
491 841 558 894 sunt
581 837 650 896 nihil
673 844 716 898 est
738 839 807 917 quin
830 839 895 899 iure
916 840 985 899 huic
1005 838 1149 898 tributum
1169 855 1233 897 esse
1250 839 1371 899 iudicari

252 941 367 1002 debeat.
401 941 437 1000 ab
457 942 514 1001 hoc
537 949 635 1002 utrum
660 945 793 1006 diversus
815 948 854 1007 sit
876 946 900 1004 is
918 963 1006 1023 quem
1024 950 1174 1004 antaeum
1192 947 1290 1022 posuit
1305 945 1370 1006 Sui-

184 1101 187 1106 ,
252 1045 320 1116 das,
333 1043 485 1124 Δίδυμος
500 1048 574 1120 νέος
585 1043 839 1130 Ἀλεξανδρεύς,
855 1044 1100 1129 γραμματικός,
1119 1039 1156 1119 ὃς
1170 1045 1371 1129 ἐσοφίστεν-

252 1168 312 1214 σεν
327 1151 367 1228 ἐν,
382 1146 502 1236 Ῥώμη,
525 1173 562 1215 an
582 1173 673 1232 pravo
698 1156 805 1216 iudicio
826 1175 861 1214 ex
884 1174 944 1215 uno
961 1141 1246 1232 grammaticoduos
1268 1155 1371 1216 lecerit

252 1261 366 1329 Suidas,
390 1279 449 1319 non
471 1267 553 1320 certo
577 1269 699 1322 constat.
734 1245 843 1322 certius
863 1281 927 1322 esse
951 1267 1022 1338 puto
1044 1259 1122 1337 quod
1138 1259 1175 1319 M.
1193 1260 1370 1321 Sohrnidtius

253 1366 315 1426 Did.
340 1367 444 1443 fragm.
467 1367 531 1444 p.3
556 1369 730 1445 suspicatur,
751 1387 806 1446 pro
829 1369 933 1429 eodem
954 1351 1122 1427 habendum
1141 1354 1207 1426 ¹esse
1230 1339 1298 1427 eum
1321 1370 1370 1446 qui

252 1474 398 1551 sequitur,
425 1474 509 1532 ouius
529 1475 702 1533 memoriam
729 1475 771 1534 sic
796 1473 1012 1535 circumscribit
1033 1472 1151 1542 SuidaS,
1180 1469 1331 1550 Δίδυμος
1353 1463 1371 1533 ὁ

252 1578 312 1637 τοῦ
328 1571 561 1656 Ἡρακλείδου,
582 1576 820 1658 γραμματικός,
843 1572 880 1652 ὃς
894 1578 1043 1659 διέτριψε
1057 1574 1148 1658 παρὰ
1162 1575 1298 1654 Νέρωνι
1314 1575 1370 1638 ναὶ
1447 1611 1454 1619 ·

253 1681 504 1763 ἐχρηματίσατο,
525 1679 685 1763 μουσικός
705 1704 740 1746 τε
754 1673 799 1766 ἦν
815 1687 892 1747 λίαν
908 1706 950 1747 να

252 1793 380 1869 primum
404 1792 480 1852 enim
503 1787 743 1870 ἐχρηματίσατο
764 1791 844 1859 illud,
869 1793 947 1878 quod
970 1793 1041 1851 satis
1058 1793 1132 1852 mire
1147 1793 1255 1851 dictum
1275 1797 1318 1850 est
1333 1783 1376 1859 de,

252 1896 309 1956 boc
330 1898 534 1973 grammatico,
558 1915 616 1956 uon
641 1897 742 1957 dubito
765 1899 835 1976 quin
857 1900 1051 1974 inprudenter
1071 1898 1175 1958 Suidas
1194 1898 1313 1956 finxerit
1335 1916 1370 1956 ex
1463 1895 1467 1898 ’

253 2019 287 2060 eo
311 2001 389 2079 quod
411 2009 492 2062 recte
515 2006 673 2082 scripserat
695 2005 731 2064 de
754 2007 916 2081 superiore,
941 1997 1141 2074 ὁΚλαύδιος
1156 2002 1368 2083 χρηματίσας.

252 2105 375 2184 deinde,
404 2111 470 2186 quia
492 2127 601 2168 nomen
621 2109 748 2180 Claudii,
771 2111 850 2188 quod
871 2112 962 2188 priori
983 2111 1175 2188 grammatico
1194 2109 1299 2168 Suidas
1318 2109 1370 2168 tri·

252 2212 323 2282 buit,
346 2214 437 2274 ciuem
454 2215 617 2274 Romanum
641 2235 708 2275 eum
731 2195 822 2277 luisse
838 2217 973 2286 ostendit,
997 2216 1070 2276 alter
1086 2234 1154 2276 vero
1169 2234 1237 2275 oum
1252 2215 1369 2276 Nerone

252 2321 356 2380 vixisse
381 2299 503 2389 dicitur,
528 2338 586 2379 nou
608 2322 792 2400 inprobabile
814 2332 857 2384 est
880 2303 949 2384 eum
968 2342 984 2382 a
1007 2322 1125 2381 Nerone
1146 2324 1289 2382 civitatem
1311 2340 1369 2381 una

172 2489 174 2492 ,
253 2446 319 2487 oum
343 2430 461 2487 nomine
484 2430 640 2505 accepisse.
682 2448 753 2507 ergo
776 2433 799 2491 si
823 2451 882 2492 uon
900 2438 1023 2498 certum,
1046 2436 1076 2489 at
1096 2426 1249 2505 probabile
1272 2436 1369 2489 tamen

253 2533 289 2593 de
311 2540 404 2593 aetate
427 2532 537 2594 Claudii
557 2536 670 2615 Didymi
693 2537 837 2597 babemus
858 2540 1066 2598 testimonium.
1103 2554 1171 2596 eum
1193 2535 1281 2609 igitur
1302 2552 1369 2592 cum

251 2638 360 2703 librum
390 2635 466 2719 περὶ
488 2640 545 2719 τῆς
568 2636 657 2722 τιαρδι
674 2637 843 2723 Ῥωμαίοις
865 2638 1046 2719 ἀναλογίας
1063 2640 1214 2716 scripsisse
1235 2640 1368 2707 dicimus,

253 2748 329 2805 sieut
346 2746 466 2806 'iudicat
493 2746 613 2815 Suidas,
645 2752 673 2806 et
694 2765 748 2824 per
769 2766 800 2807 se
824 2754 924 2823 aptum
950 2765 1014 2807 esse
1040 2747 1069 2807 id
1099 2752 1305 2822 argumentum
1333 2746 1369 2805 ad

251 2852 340 2913 talem
368 2853 494 2913 bominis
521 2853 723 2913 condicionem
752 2853 875 2931 adparet
894 2872 991 2931 neque
1013 2852 1062 2913 illa
1083 2852 1201 2913 obstare
1222 2859 1368 2929 putamus,
1459 2937 1467 2946 Α

253 2977 327 3036 quae
354 2958 391 3017 de
416 2958 562 3035 digamma
590 2959 662 3019 dixit
682 2959 851 3040 Priscianus
881 2962 1005 3037 ploti,
1041 2963 1065 3021 V
1085 2977 1154 3019 nero
1177 2964 1240 3019 loco
1263 2975 1369 3018 conso-

252 3066 351 3123 nantis
375 3066 474 3137 posita
501 3066 627 3124 eandem
652 3082 779 3139 prorsus
807 3069 838 3124 ἐν
860 3072 991 3129 omnibus
1012 3072 1069 3128 nim
1086 3068 1188 3127 boholt
1206 3056 1291 3140 opud
1310 3065 1369 3124 Lo-

218 3193 221 3198 ·
252 3172 342 3236 linos,
368 3186 458 3243 ηνανι
477 3172 562 3245 αμαιί
582 3171 679 3231 Aeolis
702 3174 864 3245 ιίίηαινινα.
898 3179 978 3237 unde
1006 3194 1026 3234 α
1043 3178 1196 3251 plorasque
1216 3174 1246 3231 ei
1265 3186 1369 3229 nomen

252 3278 307 3336 boc
323 3278 423 3353 datur,
443 3276 523 3350 quod
537 3278 623 3351 apud
637 3278 733 3335 Aeolis
755 3278 859 3337 babuit
879 3282 947 3342 olim
968 3284 1164 3355 ίιίιραινινα,
1186 3280 1221 3336 id
1238 3284 1282 3336 est
1301 3293 1368 3343 nau,

253 3383 290 3441 ab
315 3383 408 3456 ipsius
432 3398 502 3441 voce
521 3384 692 3458 profectum
716 3391 785 3443 teste
819 3386 954 3446 Varrone
980 3394 1009 3447 et
1033 3388 1174 3461 Didymo,
1204 3385 1257 3457 ηαιΙ
1282 3382 1316 3439 id
1342 3383 1372 3439 α’

252 3506 356 3548 nomen
379 3506 441 3547 esse
458 3490 591 3548 ostendit.
624 3507 682 3564 pro
697 3508 754 3565 ηνο
774 3488 953 3567 claudicat)
975 3491 1087 3549 Caesar
1103 3492 1223 3553 honour
1237 3491 1370 3562 ληννονι

252 3596 345 3655 scribi
364 3596 462 3653 volarit.
497 3596 527 3652 in
549 3594 655 3672 quibus
669 3594 812 3655 haerebat
826 3596 862 3656 ll.
881 3596 1059 3656 Schmidtius
1078 3596 1097 3655 l.
1114 3615 1138 3656 c.
1162 3614 1191 3672 p.
1210 3592 1279 3657 437,
1300 3610 1385 3650 nam·

253 3704 277 3762 si
305 3700 442 3761 Claudius
470 3684 610 3780 Didymus
639 3706 740 3761 auctor
769 3702 872 3761 luisset
903 3702 1046 3762 librorum
1076 3702 1113 3762 de
1140 3702 1308 3767 Latinitate,
1338 3704 1369 3757 ul

149 3822 152 3830 “
253 3810 306 3877 ait,
342 3806 480 3885 quoniam
506 3808 531 3866 is
538 3808 742 3897 ,imperatoris
774 3808 924 3867 inventum
957 3810 1118 3885 praeterire
1141 3809 1188 3867 vix
1216 3808 1367 3886 potuisset,

252 3915 436 3975 Priscianum
464 3912 536 3972 haec
564 3916 602 3972 ita
624 3920 815 3974 narraturum
835 3915 936 3979 luisse,
970 3917 1001 3974 ut
1024 3917 1086 3975 eius
1110 3915 1281 3974 auctoritate
1304 3930 1369 3971 eam

320 4165 344 4230 *l
365 4167 474 4217 Claudii
493 4182 604 4230 nomen,
630 4168 701 4231 quod
719 4168 747 4215 in
765 4168 844 4218 libris
862 4184 944 4217 manu
963 4168 1073 4232 seriptis
1092 4169 1220 4217 omissum
1239 4171 1295 4229 est,
1321 4166 1367 4215 ad-

254 4256 323 4305 didit
346 4256 378 4305 A.
403 4256 532 4307 Sehottus
555 4256 612 4307 obs.
632 4258 705 4310 hum.
731 4274 757 4323 p.
784 4256 832 4306 145
857 4263 885 4307 et
907 4260 970 4321 post
994 4272 1054 4306 eum
1072 4256 1242 4308 Biiehelerus
1266 4256 1300 4307 de
1324 4258 1366 4307 Ti.

254 4344 370 4395 Claudio
389 4362 415 4411 p.
429 4345 454 4395 3.
556 4404 559 4410 ι
