3234 4850
742 323 864 409 11¹

203 519 267 560 rem
287 501 392 562 reterri
415 501 579 578 adpareret.
617 468 667 561 se¹d
691 509 724 561 ut
741 519 794 578 por
816 519 847 560 se
871 501 942 560 levis
962 508 1006 560 est
1027 503 1122 560 omnis
1134 502 1215 572 ‚haec
1235 501 1319 561 dariti-

203 609 287 674 tatio,
316 609 355 667 ita
385 610 433 685 qui
456 608 626 667 Latinorum
652 609 912 684 grammaticorum
935 609 1080 698 rationem
1103 606 1181 667 bene
1200 625 1342 684 person,

203 717 279 776 xerit
303 716 350 774 vix
380 713 522 774 dubitabit
549 715 618 792 quin
643 714 717 774 haec
748 715 844 774 omnia
866 733 883 772 a
905 714 1027 792 Didymo
1049 715 1215 774 Priscianus
1236 732 1319 773 rece-

203 821 287 897 perit.
328 838 395 880 nam
420 838 454 879 ex
477 838 510 878 eo
534 821 612 898 quod
640 838 729 897 supra
758 820 952 889 dictumest,
982 819 1036 879 olio
1068 827 1187 881 auctore
1207 821 1319 898 Didymi
1373 871 1380 887 ,,

204 926 404 984 testiinonium
427 923 608 999 aPrisciano
629 926 726 995 citari,
749 926 870 985 minime
888 926 971 1002 sequi
984 924 1222 995 volumus-illud,
1241 927 1320 987 hunc

203 1030 311 1092 librum
336 1031 372 1090 ab
400 1050 446 1090 eo.
463 1037 617 1091 tractatum
643 1051 702 1092 non
735 1051 808 1092 esse.
844 1033 932 1091 immo
965 1050 1040 1109 quae
1072 1039 1226 1109 praeterea
1258 1033 1320 1091 eius

203 1139 322 1197 nomine
344 1137 476 1214 adposito
498 1135 619 1214 protulit
639 1155 668 1214 p.
686 1136 747 1198 838
766 1144 794 1196 ei
809 1138 871 1198 910
891 1137 970 1198 haud
992 1138 1080 1200 dubie
1099 1155 1135 1197 cx
1154 1111 1218 1214 ipso
1233 1135 1319 1206 libro,
1368 1180 1370 1184 ,

204 1243 252 1321 qui
277 1261 363 1320 quam
392 1242 630 1302 accommodatus
658 1243 695 1302 ad
725 1245 787 1304 eius
815 1243 909 1303 studia
936 1243 1024 1304 suerit
1051 1243 1136 1304 facile
1162 1244 1321 1304 existimari

203 1355 308 1425 potest,
330 1329 460 1427 petivit'
503 1409 511 1423 .
611 1413 613 1420 ¹
993 1432 995 1435 Ι

289 1454 344 1513 Sed
368 1461 401 1513 ut
423 1455 524 1514 redcat
546 1454 702 1530 disputatio
721 1453 758 1513 ad
782 1473 850 1514 eum
872 1454 972 1515 locum
992 1474 1008 1515 a
1031 1474 1089 1534 quo
1111 1455 1244 1534 profecta
1266 1462 1319 1524 est,

204 1560 241 1620 de
258 1559 333 1619 libro
355 1559 402 1618 iilo
425 1554 502 1640 περὶ
523 1559 702 1639 μουσικῆς,
729 1561 812 1620 cuius
830 1567 980 1622 auctorem
1000 1561 1217 1630 desideramus,
1248 1561 1321 1620 etuas

204 1667 271 1726 olirn
294 1667 352 1726 dixi
368 1667 499 1746 *proponi
521 1683 607 1742 posse
622 1669 761 1730 rationes.
801 1673 851 1728 aut
868 1644 948 1726 enim
969 1667 1061 1755 ipsius
1076 1666 1189 1744 Didymi
1211 1665 1321 1726 librum

204 1774 269 1842 dici,
294 1793 330 1832 ex
351 1792 409 1852 quo
432 1771 510 1832 aliud
530 1772 697 1849 exemplum
721 1776 784 1834 eius
800 1773 956 1833 locutionis
979 1773 1015 1832 de
1038 1790 1096 1849 qua
1114 1773 1211 1847 agitur
1232 1771 1320 1832 abeo

204 1877 381 1962 quveliqua
402 1879 554 1955 exscripsit
562 1878 698 1978 additum
717 1888 803 1949 esset,
827 1885 877 1939 aut
894 1878 1088 1955 antiquiorem
1106 1876 1233 1955 aliquem
1247 1880 1319 1936 scri-

203 1992 327 2061 ptorem,
348 1986 432 2046 euius
446 2001 555 2042 nomen
570 1984 713 2060 periisset,
736 1985 891 2064 aDidymo
913 1985 1004 2044 citari.
1043 2001 1168 2061 quorum
1184 1984 1318 2053 aiterum,

205 2097 236 2150 ut
257 2093 370 2170 Didymi
398 2091 473 2152 liber
500 2089 627 2158 dicatur,
654 2107 831 2169 quamquam
854 2109 888 2150 ea
915 2109 949 2151 re
975 2088 1101 2168 quodam
1128 2090 1216 2149 modo
1240 2109 1319 2150 eom-

203 2198 335 2258 rnendari
357 2198 480 2265 videtur,
504 2196 583 2274 quod
601 2195 683 2254 iilum
704 2197 834 2256 musicae
856 2195 911 2256 arti
934 2212 1056 2272 operam
1079 2195 1194 2254 dedisse
1216 2195 1320 2256 Suidas

152 2347 163 2368 .
203 2303 319 2370 tradit,'
334 2309 441 2362 tamen¹
453 2321 522 2362 non·
537 2301 621 2362 facile
639 2279 769 2362 a'dducor
790 2308 826 2387 ut
846 2302 964 2362 credam
985 2300 1030 2360 vel
1057 2302 1154 2378 ipsum
1174 2283 1319 2377 gramma-

203 2409 293 2469 ticum
316 2428 349 2469 ea
366 2407 512 2469 locutione
529 2409 622 2487 'quarn
637 2407 824 2487 antiquorum
841 2411 1019 2487 scriptorum
1035 2407 1208 2469 auctoritate
1222 2406 1319 2466 firma-

205 2520 285 2573 verat
306 2515 333 2573 in
356 2514 412 2573 alio
434 2513 511 2573 libro
533 2531 619 2573 usum
639 2533 703 2574 esse
723 2514 768 2575 vel
782 2515 978 2575 recentiorem
1000 2513 1071 2575 illud
1094 2515 1136 2572 sio
1155 2511 1318 2580 adnotasse,

206 2626 236 2677 nt
261 2619 324 2678 eius
348 2621 470 2679 orationi
491 2621 737 2697 interponeretur.
774 2622 889 2698 'itaque
922 2638 1013 2680 unum
1046 2622 1103 2679 iarn
1135 2618 1319 2697 relinquitur,

205 2731 237 2783 ut
259 2714 365 2785 nomen
388 2728 547 2803 scriptoris
570 2728 653 2786 euius
675 2727 847 2786 auctoritate
859 2726 999 2804 Didymus
1016 2743 1086 2811 usus
1106 2732 1177 2795 erat,
1197 2726 1320 2803 periisse

205 2831 344 2899 dicamus.
385 2832 441 2891 iam
469 2851 538 2893 vero
556 2824 632 2893 ‘eum
661 2834 688 2891 id
710 2833 787 2923 quqd
818 2852 853 2892 cr
879 2831 954 2891 libro
976 2832 1013 2891 de
1033 2839 1096 2891 arte
1118 2834 1229 2893 musica
1251 2850 1320 2908 pro·

204 2937 307 3005 fertur,
325 2936 438 3017 τρίτον
455 2931 645 3017 ἡμιπόὸιον,
670 2956 702 2997 re
723 2956 782 2997 non
798 2939 945 2998 diversum
962 2938 998 2996 sit
1013 2938 1049 2997 ah
1066 2936 1114 2996 illo
1131 2937 1207 3016 quod
1224 2937 1319 3014 primo

204 3040 268 3101 loeo
292 3044 418 3120 positum
439 3050 497 3112 est,
515 3038 619 3122 ἥμισυ
641 3042 765 3123 τρίτον,
788 3044 866 3121 quod
883 3040 958 3130 none
981 3043 1056 3103 sicut
1071 3041 1196 3120 reliqua,
1219 3048 1319 3100 aucto·

110 3166 112 3169 ·
204 3150 289 3208 ritate
309 3150 419 3227 antiqui
440 3150 591 3225 scriptoris
613 3150 760 3210 firmatum
783 3157 835 3219 est,
857 3151 940 3211 facile
968 3150 1113 3227 suspicari
1131 3148 1225 3226 possis
1247 3146 1320 3207 haee

205 3252 273 3311 oiim
296 3255 372 3314 inter
394 3273 425 3314 se
447 3256 632 3315 coniunxisse
650 3258 873 3333 grammaticum
892 3262 920 3317 et
942 3256 999 3315 hoc
1020 3255 1124 3315 ordine
1145 3253 1234 3313 vcrha
1251 3271 1319 3311 cou-

204 3353 442 3430 locasse‚’'Imve9
457 3355 514 3420 καὶ
526 3354 666 3421 Ἀιτιποὶ
681 3354 720 3419 coi
733 3355 795 3420 δύο
806 3354 910 3442 ἥμισυ
925 3356 1028 3441 ἥμισυ
1043 3360 1158 3441 τρίτον
1173 3356 1278 3438 φασίν
1302 3381 1330 3415 ιι,

203 3460 343 3543 προθεὶς
364 3459 401 3525 τὸ
418 3462 456 3525 ἐν
470 3461 507 3525 δὲ
522 3462 753 3544 Βιιιουσιάδης
770 3462 808 3524 ἐν
824 3464 871 3545 τῷ
886 3460 963 3546 περὶ
984 3465 1147 3544 μουσικῆς
1170 3458 1320 3543 ἐπιφέρει

130 3591 135 3605 ²
203 3569 317 3647 τρίπον
337 3560 532 3648 ἡμιπόόιον·
558 3568 613 3632 καὶ
634 3566 673 3631 τὰ
694 3550 726 3645 ἓξ
746 3566 851 3650 ἥμισυ
872 3567 1017 3631 τάλαντα
1037 3565 1182 3650 ἕβδομον
1202 3560 1321 3647 ἡμιτά-

203 3675 328 3735 λαντον
351 3670 407 3735 καὶ
428 3672 506 3748 τούς
527 3674 688 3755 τέσσαρας
708 3670 812 3755 ἥμισυ
835 3670 949 3754 πήχεις
967 3669 1119 3756 πέμπτην
1134 3666 1319 3751 σπιθαμήν,

204 3776 359 3862 καθάπερ
382 3775 489 3861 φησὶν
506 3775 692 3862 Ἡρόδοτος.
718 3780 773 3842 καὶ
792 3776 944 3841 καθόλου
960 3801 1024 3861 sqq.
1056 3782 1153 3843 verbis
1169 3786 1266 3839 autern
1278 3779 1320 3836 sic

203 3893 236 3944 nt
251 3904 330 3945 nunc
345 3885 687 3965 habenturtranspositis
703 3872 789 3948 simui
804 3905 913 3947 nomen
929 3890 1081 3967 scriptoris
1093 3892 1187 3967 periit.
1218 3907 1319 3969 qnam·

204 4008 291 4069 quam
318 3990 375 4051 hoc
397 3993 519 4079 ‘quidem
543 3994 688 4053 incertum
711 3999 769 4060 est,
798 3995 973 4069 praesertim
994 4014 1061 4072 oum
1084 3998 1231 4056 nesciatur
1250 3994 1320 4072 quid

203 4096 315 4156 librarii
340 4099 542 4175 peccaverint,
570 4099 640 4176 quid
662 4116 678 4157 a
700 4097 850 4157 Prisciano
875 4099 918 4157 vel
942 4118 958 4159 a
981 4102 1095 4161 Graeco
1118 4102 1320 4179 grammatico,

204 4221 291 4280 quern
314 4202 360 4264 ille
382 4212 499 4264 secutus
522 4212 574 4274 est,
598 4206 802 4284 perturbatum
824 4209 869 4266 sit.
905 4207 956 4266 scd
978 4206 1049 4267 iilud
1067 4205 1247 4267 monendum
1266 4213 1320 4275 est,

203 4308 248 4367 vel
271 4329 305 4369 ex
328 4311 433 4370 eodem
457 4313 666 4372 commentario
684 4312 719 4373 de
735 4313 856 4383 musica,
874 4314 1123 4374 cuiusauetorem
1140 4314 1319 4393 ignoramus²
