3234 4850
713 299 865 389 „2-1*

230 483 309 542 unde
323 483 453 556 adparet
467 482 587 540 beroam
610 484 733 554 simpatia
748 478 877 556 pedidus
896 483 1005 540 scandi
1022 484 1110 540 ctiam
1132 486 1217 557 apud
1236 491 1346 544 veteres

230 591 361 660 solitam,
382 588 510 646 iambum
538 593 636 646 uatem
664 588 747 646 binio.
766 586 771 596 '
793 587 828 644 id
845 568 925 645 caim
946 589 997 655 ait,
1019 605 1087 646 cam
1115 590 1153 648 de
1171 567 1347 649 Archilocho

230 695 322 753 Pario
354 691 499 764 referret,
529 695 583 766 oui
612 693 714 766 Gyaae
740 689 883 764 fabalem
913 696 1020 767 optime
1043 697 1208 768 conplexae
1234 706 1277 753 cst
1304 699 1346 754 ita

233 799 255 873 (l
278 798 341 876 tr),
366 792 485 880 Γύγης,
508 794 569 854 τοῦ
591 789 891 874 καὶ-Ἁρχίλοχος.ὁ
910 792 1039 875 Πάριος
1057 793 1142 859 κατὰ
1162 792 1221 870 τὸν
1242 795 1347 860 αὐτὸν

232 899 355 985 χρόνον
375 894 522 981 γεγονώς
543 895 738 980 ἐπεμνήσθη
759 897 868 983 ἰάμβῳ
887 899 1058 986 τριμέτρῳ.
1100 909 1231 966 meminit
1249 914 1346 968 eutem

232 1030 333 1072 versas
351 1013 416 1070 eius¹
428 1010 611 1077 Herodotum
635 1023 720 1080 qoem
743 994 894 1086 applicui,

384 1107 426 1172 οὔ
447 1134 503 1192 μοι
525 1107 565 1173 τοὶ
588 1108 705 1192 Γύγεω
727 1110 787 1171 τοῦ
809 1109 1160 1198 τολοχρύσοομέλειζ

231 1223 260 1276 et
280 1217 423 1278 docteres
441 1222 479 1280 de
494 1223 663 1305 acatalecto¹
678 1221 811 1298 trimetro
833 1219 952 1278 dictam.
989 1221 1028 1280 de
1047 1232 1208 1283 octometro
1229 1225 1348 1284 Boiscio

232 1325 309 1384 idem
326 1329 369 1385 sic
383 1328 462 1396 dicit,
487 1305 688 1386 ‘octometram
701 1329 907 1386 catalecticum
922 1329 1002 1401 qaod
1013 1333 1186 1403 appellatur
1197 1331 1347 1409 Boiscion‚

275 1430 417 1503 Βοΐσκος
443 1423 459 1492 ὁ
485 1425 551 1493 ἀπὸ
578 1429 726 1505 Κυζίκου
754 1425 879 1502 παντὸς
906 1427 1056 1513 γραφεὺς
1079 1430 1262 1514 ποιήματος
1289 1430 1348 1496 τὸν

317 1533 488 1602 ὀκτάποον
510 1530 619 1618 εὑρών
638 1537 751 1615 στίχον
774 1538 889 1620 Φοίβῳ
909 1539 1025 1621 τίθησι
1047 1537 1160 1621 δῶρον

274 1647 399 1705 Baiocas
421 1649 445 1705 is
464 1648 501 1706 de
515 1647 621 1722 Cyzico
642 1648 710 1705 noui
723 1654 860 1720 repertor
875 1649 1027 1706 carminis.
1051 1663 1121 1704 nam
1135 1644 1250 1723 primae
1265 1658 1348 1706 octo-

317 1770 387 1812 nam
406 1754 517 1828 pedam
535 1767 651 1810 uersam
675 1753 729 1810 rico
747 1753 910 1812 dicaverat.

319 1860 360 1919 lta
388 1859 460 1918 haec
488 1856 639 1917 emendavi
667 1839 1004 1936 auctoritate-quattuor
1033 1860 1181 1924 codicum,
1217 1859 1349 1919 Vossiani

233 1966 282 2026 33.
307 1971 336 2034 l,
359 1966 559 2026 Parisinorum
579 1963 661 2022 7496
684 1972 713 2024 et
735 1965 828 2034 7501,
851 1963 1024 2039 Reginensis
1046 1963 1116 2024 733.
1140 1964 1168 2021 in
1189 1981 1276 2023 versu
1294 1964 1348 2024 La·

233 2076 292 2133 tino
317 2075 366 2150 qui
393 2071 523 2132 secunda
552 2069 617 2129 ioco
641 2071 753 2147 positus
779 2076 824 2128 est
844 2069 948 2128 timida
971 2069 1086 2150 (timido
1108 2068 1222 2147 Regin.)
1249 2074 1280 2129 im
1302 2075 1348 2130 tit-

232 2189 294 2240 tore
319 2180 436 2239 codices
464 2175 623 2254 praebent,
652 2176 788 2234 timidule
813 2177 908 2233 littore
936 2176 1060 2234 coniecit
1086 2182 1136 2235 ten
1159 2176 1259 2236 Brink.
1283 2184 1350 2253 pest

234 2288 367 2365 quintum
390 2300 506 2342 versum
529 2281 664 2341 lacunam
686 2280 826 2346 iudicavi,
856 2296 913 2356 qua
935 2297 1037 2339 versus
1059 2280 1200 2340 iambicus
1223 2283 1259 2341 ab
1280 2302 1349 2343 ana·

233 2397 334 2470 praesto
363 2390 520 2467 incipiens,
557 2389 606 2465 qui
635 2393 718 2447 sexto
745 2386 843 2445 versui
868 2386 982 2446 Graeco
1007 2385 1218 2461 respondebat,
1253 2393 1348 2469 periit.
1412 2443 1415 2447 .

232 2504 351 2577 praeter
371 2514 437 2555 eum
461 2501 558 2554 autem
581 2494 663 2571 plura
683 2492 731 2550 hic
753 2490 822 2550 olim
840 2493 948 2568 scripta
969 2499 1061 2560 erant,
1084 2493 1191 2570 quibus
1210 2500 1350 2557 transitus

232 2611 352 2683 paratus
374 2608 436 2662 erat
456 2600 491 2660 ad
515 2602 640 2659 creticos
659 2616 760 2659 versus
781 2599 830 2675 qui
845 2596 968 2658 subiecti
984 2605 1060 2658 sunt.
1095 2601 1123 2658 in
1147 2601 1248 2660 ultimo
1263 2624 1349 2664 uersu

233 2716 322 2770 melos
345 2729 380 2769 ex
409 2708 493 2768 editis
521 2704 737 2784 exemplaribus
766 2705 887 2771 retinui,
919 2702 987 2763 libri
1010 2703 1120 2764 babent
1148 2714 1240 2769 melis,
1276 2731 1349 2790 quae

144 2818 148 2828 “
233 2818 333 2893 priore
355 2813 421 2873 loco
444 2832 479 2871 ex
501 2813 642 2871 Herodoti
666 2811 741 2869 libro
767 2812 863 2886 primo
886 2811 970 2868 citata
994 2818 1061 2868 sunt
1079 2814 1191 2873 restitui
1211 2833 1227 2873 c
1250 2818 1350 2879 codice

234 2920 375 2980 Vossiauo
398 2925 428 2978 et
448 2918 615 2993 Reginensi.
648 2934 716 2973 uam
739 2916 766 2972 in
788 2913 907 2991 reliquis
929 2912 1011 2972 libris
1032 2932 1124 2990 pauca
1141 2918 1230 2978 verba
1247 2921 1349 2998 legun·

233 3035 281 3086 tur
304 3044 397 3103 eaque
418 3026 456 3083 ita
479 3029 632 3101 corrupta,
661 3027 693 3080 ut
715 3016 844 3094 intellegi
870 3019 938 3078 olim
961 3038 1020 3077 non
1049 3024 1256 3101 potueritque
1277 3028 1350 3087 haec

234 3134 423 3211 pertinerent.
469 3148 527 3207 (pue
555 3127 664 3188 sactum
698 3133 742 3185 est
771 3132 803 3183 ut
833 3124 1008 3185 Ritschelius
1037 3126 1073 3185 dc
1107 3108 1239 3189 biblioth.
1268 3133 1348 3193 Alex.

233 3260 261 3319 p.
287 3237 346 3298 139
374 3238 422 3297 hic
452 3252 569 3315 qunque
592 3233 731 3294 Herodoti
762 3229 873 3292 damini
898 3229 1132 3291 substituendum
1155 3241 1271 3310 putaret
1293 3240 1350 3299 lle.

232 3345 388 3406 liodorum.
435 3344 464 3402 in
498 3357 582 3400 versu
617 3336 730 3398 Boiscic
750 3339 866 3427 'Latino
895 3350 1027 3399 octonum
1057 3339 1167 3412 pedam
1202 3361 1237 3401 ex
1266 3344 1350 3405 editis

233 3448 450 3527 exemplaribus
470 3447 587 3506 retinui.
632 3464 700 3505 nam
734 3447 764 3505 in
794 3446 943 3506 codicibus
976 3444 1050 3505 baec
1067 3446 1104 3504 ita
1138 3434 1246 3525 scripta
1272 3456 1349 3518 sunt,

234 3564 336 3616 octauo
359 3555 444 3633 (corr.
468 3562 572 3613 octono
591 3550 684 3630 Voss.)
703 3552 783 3626 pede
802 3570 918 3613 ocream
940 3554 1012 3630 Reg.
1037 3552 1119 3611 Voss.
1141 3551 1232 3612 Paris,
1256 3554 1349 3624 7496,“

233 3678 350 3723 uersam
371 3668 472 3719 octono
484 3661 562 3733 pede
575 3659 667 3717 Paria.
685 3658 776 3717 750¹.
796 3658 920 3719 fortasse
942 3660 1159 3735 grammaticus
1181 3659 1230 3735 qui
1245 3659 1350 3718 Graeci

233 3774 360 3831 auctoris
394 3767 480 3827 verba
510 3769 645 3824 accurate
676 3767 835 3843 expressit,
866 3768 1074 3842 octonopcdem
1104 3782 1219 3825 uersam
1252 3766 1350 3826 dicere

232 3896 320 3937 ausus
342 3883 386 3935 est
404 3889 492 3953 quem
515 3868 562 3929 ille
588 3860 760 3932 ὀκτάτοον
779 3871 894 3950 στίχον
915 3871 1036 3940 dixerat.
1081 3869 1193 3947 reliqua
1216 3889 1291 3948 quae
1313 3870 1349 3930 de

233 3978 436 4039 emendatione
458 3975 617 4037 verborum
641 3977 763 4037 dicenda
787 3984 855 4038 suut
878 3996 957 4039 nuuc
980 3980 1091 4038 omitto.
1137 3994 1195 4053 quo
1217 3982 1350 4053 tempore

232 4087 330 4140 autem
351 4080 424 4141 hacc
445 4084 553 4159 scripta
576 4082 634 4141 siut
656 4100 834 4160 quamquam
855 4086 944 4142 certis
963 4082 1143 4161 argumentis
1164 4099 1224 4139 non
1239 4081 1349 4139 indica·
1418 4150 1421 4153 ⁴

233 4193 295 4246 tum
320 4192 371 4255 est,
392 4192 491 4247 tamen
512 4188 547 4247 ad
569 4206 636 4247 eum
662 4189 837 4264 scriptorem
859 4190 908 4267 qui
930 4190 1052 4267 Augusti
1074 4195 1199 4248 aetatem
1221 4162 1350 4261 attigerit

233 4294 338 4353 referri
367 4310 454 4370 passe
485 4311 570 4371 nego.
616 4310 683 4352 nam
718 4295 846 4370 primum
874 4296 904 4354 in
933 4294 1049 4354 dicendi
1078 4309 1187 4369 genere
1215 4310 1274 4369 quo
1301 4292 1349 4352 hic
