3234 4850
701 356 852 444 A

215 537 345 591 ceterum
375 539 455 592 recte
481 535 594 593 monuit
615 533 759 612 Berghius
789 555 823 594 ex
856 537 901 596 his
928 554 1003 615 quae
1030 538 1163 612 proxime
1193 545 1333 598 secuntur

215 639 291 714 apud
308 639 555 717 Hephaestionem
577 641 720 719 adparere
745 662 812 702 curn
834 645 863 702 in
882 643 945 703 aliis
968 643 1054 703 etiam
1076 641 1160 702 libris
1168 627 1332 703 'Heliodoro

215 732 402 805 adversatum¹
422 765 494 806 esse.
541 748 592 807 sed
613 754 645 807 ut
667 748 724 808 hoc
745 747 811 809 loco
833 749 912 810 haud
931 749 1024 809 dubie
1041 749 1127 827 plura
1147 767 1235 827 (pram
1257 769 1333 828 quae
1392 754 1396 762 “

215 857 315 910 contra
336 851 527 912 Heliodorum
549 853 701 930 disputans
723 855 831 914 indicat
853 855 890 914 ab
908 874 943 916 eo
961 856 1082 931 recepit,
1098 855 1144 914 ita
1162 852 1192 908 in
1213 849 1333 928 reliquis

215 973 331 1034 quoque
358 955 426 1016 libri
458 959 590 1036 partibus
619 978 706 1037 saepe
734 963 795 1020 eius
824 962 916 1037 copiis
943 979 1002 1020 non
1036 960 1185 1020 nominato
1212 963 1332 1015 auctore
1411 949 1415 955 ’

214 1079 286 1120 usus
308 1080 372 1122 esse
393 1064 514 1126 videtur.
551 1068 677 1127 eundem
699 1073 851 1126 auctorem
876 1068 1008 1145 sequitur
1026 1064 1179 1124 scholiasta
1197 1061 1331 1138 Hephae-

215 1168 316 1226 s'tionis
340 1168 376 1228 de
392 1189 480 1232 versu
496 1173 654 1234 Homerico
671 1171 702 1231 ll.
720 1173 764 1230 M
774 1169 835 1232 208
857 1169 967 1246 Τρῶες
981 1163 1013 1230 d’
1032 1166 1226 1249 ἐρρίγησαν,
1243 1163 1333 1238 ὅπως

216 1268 291 1332 ldov
310 1269 527 1357 αἰόλονὸφιν
550 1279 701 1355 disputans
722 1295 750 1354 p.
776 1275 849 1345 1833
873 1264 895 1354 ἢ
917 1271 967 1335 ὅτι
990 1272 1139 1335 ἐνταῦθα
1158 1265 1176 1333 ὁ
1195 1265 1333 1350 ποιητὴς

213 1371 338 1460 ᾔσθετο
356 1381 414 1458 τῆς
437 1382 498 1442 τοῦ
520 1379 638 1454 ’δασέος
656 1403 683 1462 φ
706 1376 928 1461 ἑκφωνήοεως
948 1375 1051 1439 πλέον
1067 1399 1099 1438 τι
1119 1373 1258 1458 ἐχούσης
1275 1371 1332 1436 bd

213 1479 275 1564 τήν
298 1483 510 1566 σφοδρότητα
529 1487 590 1546 τοῦ
612 1483 812 1566 πνεύματος,
837 1478 881 1557 ὥς
898 1481 954 1546 καὶ
964 1478 1166 1564 Ἡλιόδωρος
1183 1481 1279 1544 δοκεῖ
1291 1481 1333 1561 τῇ

215 1589 332 1674 ducatu
348 1589 450 1653 πλέον
464 1613 495 1652 τι
517 1589 640 1673 νέμειν.
659 1611 811 1671 magnam
828 1599 926 1652 autem
942 1594 1004 1652 eius
1021 1593 1223 1664 auctoritatem
1242 1588 1331 1647 luisse

215 1700 291 1776 apud
321 1699 440 1758 Latinos
465 1701 671 1775 grammaticos
696 1701 782 1774 docet
804 1701 913 1761 Marius
932 1698 1098 1760 Victorinus
1120 1715 1150 1774 p.
1173 1695 1272 1767 2541,
1301 1701 1337 1753 ut·

213 1805 290 1862 Iubu
317 1789 437 1882 nostem·
461 1809 513 1880 qui
538 1810 614 1870 iuter
636 1810 772 1866 metricos
791 1811 997 1867 auctoritatem
1017 1809 1136 1882 primae
1157 1803 1332 1863 cruditionis

213 1910 349 1988 obtenuit,
377 1913 512 1973 insistens
533 1912 690 1972 Heliodori
715 1914 858 1990 vestipus,
886 1916 1033 1988 potiatur
1055 1913 1185 1970 Graecos
1210 1909 1332 1968 huiusce

213 2021 287 2076 mtts
308 2020 429 2075 antistes
449 2023 502 2076 aut
518 2021 709 2092 primosum
727 2024 878 2095 sotus-cst,
901 2027 992 2094 nepot
1011 2020 1067 2078 boc
1082 2019 1192 2092 vitium,
1209 2021 1242 2073 ut
1260 2017 1331 2088 pui-

214 2105 284 2181 dum
313 2124 472 2198 adserunt,
501 2124 677 2197 rythmicum
700 2125 780 2197 fore.
824 2127 854 2186 in
880 2126 983 2203 primis
1010 2142 1080 2184 vero
1099 2122 1266 2208 Priscianus
1293 2120 1330 2179 de

122 2256 127 2261 ·
213 2229 314 2287 metris
330 2227 459 2288 Terentii
477 2245 505 2303 p.
529 2227 607 2286 1327
625 2248 667 2308 sq.
687 2249 720 2290 ea
744 2250 818 2310 quae
841 2232 877 2292 de
898 2251 952 2292 usu
968 2237 998 2291 et
1017 2230 1133 2290 licentia
1148 2229 1330 2289 Graecorum

213 2341 367 2411 poetarum
387 2331 542 2409 disputavit
567 2354 602 2395 ex
625 2337 681 2397 hoc
699 2338 775 2398 libro
790 2341 911 2416 recepit.
945 2354 1014 2397 nam
1032 2337 1164 2412 quamvis
1180 2335 1215 2393 iis
1232 2333 1330 2394 verbis

214 2446 320 2509 utatur,
344 2447 376 2500 ut
392 2441 535 2518 quaedam
554 2461 606 2503 suo
624 2444 726 2505 labore
740 2447 886 2506 invenisse
902 2445 993 2505 videri
1006 2444 1107 2526 possit,
1129 2446 1329 2504 necessarium

213 2556 311 2607 autom
337 2566 399 2607 esse
430 2550 571 2608 duximus
592 2555 681 2611 mutto
703 2553 804 2611 labore
824 2554 972 2625 exquisito
995 2553 1170 2623 inventaque
1190 2551 1330 2623 exemplu
1366 2567 1379 2593 ο

213 2656 395 2714 diuersorum
432 2659 789 2733 nominata'sotmorumpue
814 2660 969 2717 ‘Graeciae
999 2663 1166 2727 auctorum,
1204 2671 1329 2727 quorum

212 2763 359 2834 quaedam
379 2765 466 2821 etium
482 2762 660 2823 Heliodorus
678 2768 803 2839 protulit
822 2767 960 2823 metricus
973 2770 1003 2822 et
1015 2764 1223 2838 Hephaestion,
1245 2762 1329 2837 supi-

212 2885 289 2945 οννε,
314 2877 412 2927 tamen
434 2888 468 2927 ex
493 2871 572 2929 omni
593 2870 760 2947 disputandi
782 2871 896 2929 ratione
917 2886 974 2945 qua
995 2868 1219 2944 postca‘utitur,
1242 2875 1328 2942 repe·
1351 2886 1354 2894 ·

212 2973 264 3031 tito
286 2976 508 3051 saepenomine
522 2975 681 3044 Heliodori,
705 2974 826 3051 adparet
846 2992 905 3033 non
920 2976 1017 3050 ipsum
1032 2971 1161 3032 carmina
1175 2978 1328 3048 poetarum

211 3076 329 3165 legisse
346 3078 412 3149 sed,
450 3086 659 3157 praeterquam
689 3082 767 3160 quod
795 3079 885 3141 semel
913 3098 942 3158 p.
976 3076 1055 3137 1329
1082 3076 1329 3154 Hephaestionem

214 3183 377 3261 appellavit,
401 3186 514 3263 reliqua
538 3188 635 3246 omnia
651 3187 810 3248 Heliodoro
832 3187 962 3266 debere.
984 3185 1021 3244 ad
1036 3185 1163 3245 eundem
1178 3191 1328 3243 auctorem

212 3292 367 3352 referenda
391 3309 454 3351 esse
478 3311 510 3351 ea
534 3310 608 3369 quae
636 3294 665 3352 in
687 3292 804 3353 scholiis
826 3291 1028 3368 Aristophanis
1049 3290 1086 3350 de
1107 3290 1241 3350 versibus
1264 3293 1327 3368 qui·

212 3397 335 3458 busdam
364 3405 468 3476 poetae
491 3404 571 3457 recte
594 3398 805 3458 constituendis
834 3386 969 3457 adnotata
992 3402 1061 3455 sunt
1079 3396 1179 3458 docuit
1201 3398 1236 3457 G.
1260 3399 1328 3459 llin-

213 3504 323 3564 dorfius
342 3505 434 3584 prael.
460 3505 489 3562 in
519 3504 611 3563 schol.
634 3505 718 3568 Arist.
744 3522 772 3583 p.
795 3503 860 3563 XVl
883 3504 929 3564 ed.
953 3502 1005 3563 Ox.
1033 3502 1068 3580 (p.
1091 3503 1118 3561 X
1141 3504 1186 3564 ed.
1210 3504 1327 3584 Dirbn.).

192 3612 240 3669 'in
269 3610 375 3689 quibus
404 3610 448 3669 bis
476 3610 644 3670 nominatur
672 3608 849 3669 Heliodorus
867 3610 952 3688 Vesp.
978 3610 1060 3671 1282
1089 3618 1119 3671 et
1143 3611 1210 3671 Pac.
1230 3610 1326 3678 ms&

212 3716 350 3776 uberiora
381 3723 477 3776 tamen
505 3719 687 3792 grammatici
714 3717 817 3777 studia·
836 3723 980 3777 testantur
1009 3734 1043 3777 ea
1073 3736 1147 3795 quae
1174 3718 1204 3775 in
1227 3716 1328 3776 codice

212 3820 323 3883 Veneto
340 3822 504 3899 subscripta
520 3830 588 3882 sunt
602 3822 744 3891 Nubibus,
759 3818 958 3883 ueuaittocut
975 3820 1013 3883 ἐκ
1028 3819 1097 3881 τῶν
1109 3814 1326 3899 Ἡλιοδώρου,

213 3932 241 3984 et
261 3922 338 3995 Paci,
362 3922 561 3988 usuuittocut
584 3923 666 4006 πρὸς
688 3923 728 3988 τοὶ
743 3921 959 4006 Ἡλιοδώρου.
998 3928 1077 3988 unde
1099 3927 1328 4006 umtopscpt'uv

212 4028 280 4090 τῶν
304 4030 451 4109 μελινῶν
476 4028 738 4116 Ἀριστοφάνους
764 4052 831 4094 eum
857 4035 1009 4110 scripsisse
1036 4035 1200 4110 suspicatus
1223 4039 1266 4093 est
1291 4032 1325 4092 0.

213 4136 411 4199 Schneiderus
433 4139 468 4199 de
491 4133 581 4199 schol.
606 4140 750 4217 Aristoph.
776 4141 847 4200 sont.
863 4160 892 4218 p.
914 4140 983 4200 119.
1005 4138 1156 4216 disciplina
1179 4138 1328 4198 lleliodori

212 4244 376 4303 institutum
392 4263 454 4305 esse
466 4245 619 4306 Irenaeum
637 4246 695 4304 sive
707 4245 846 4304 Pacatum
860 4246 960 4307 scribit
976 4247 1080 4306 Suidas
1096 4265 1122 4303 v.
1136 4242 1325 4323 Εἰρηναῖος.

212 4352 309 4410 minus
330 4358 442 4411 certum
466 4359 509 4411 est
534 4358 633 4411 utrum
662 4351 698 4409 ad
727 4351 805 4410 hunc
833 4352 971 4411 metricae
995 4352 1066 4410 artis
1092 4352 1267 4428 scriptorem
1289 4368 1327 4408 an
