3234 4850
746 324 897 430 „⁸:-

265 526 452 585 mauilestum
474 530 519 582 est
541 523 600 582 hue
620 523 771 600 pertinere
792 522 820 581 id
844 520 922 599 quod
948 518 1112 578 sribiectum
1135 524 1192 585 est,
1225 511 1380 593 καθάπερ

266 627 371 711 φησὶν
402 623 590 712 Ἡρόδοτος.
649 629 695 690 his
728 626 845 687 duobus
881 624 1023 685 Herodoti
1058 623 1229 684 testimoniis
1265 621 1380 682 additur

265 740 385 799 tertium
408 756 424 796 a
448 737 592 813 scriptore
615 735 742 812 quodam
766 727 843 814 περὶ
864 731 1028 811 μουσικῆς
1045 732 1184 808 petitum,
1207 731 1258 808 qui
1278 729 1394 789 Archi·
1465 795 1468 798 ,

265 845 343 906 lechi
362 861 481 906 versum
504 860 540 902 ex
560 841 676 902 duobus
698 841 818 921 dactylis
841 848 871 902 et
891 839 1041 917 semipede
1062 838 1246 916 conpositum
1267 837 1394 896 dixerat

265 953 380 1034 τρίτον
400 943 591 1031 ἡμιπόὸιον.
631 948 667 1008 de
684 967 742 1026 qrro
763 951 908 1027 scriptore
930 948 996 1026 quia
1015 946 1160 1005 incertum
1181 949 1225 1003 est
1239 941 1379 1025 iudicium

265 1064 380 1119 remoto
411 1059 531 1118 nomine
557 1054 723 1128 Heliodori,
760 1055 847 1116 altius
873 1057 930 1115 iam
949 1050 1114 1129 repetenda
1141 1057 1185 1110 est
1214 1043 1379 1126 disputatio.

267 1166 296 1220 et
317 1163 446 1238 primum
469 1161 587 1238 quidem
606 1163 642 1222 de
664 1162 735 1240 ipsis
748 1160 847 1222 verhis
869 1167 898 1221 et
919 1160 957 1220 de
972 1159 1007 1218 iis
1029 1157 1235 1234 grammaticis,
1253 1147 1381 1233 quorum

267 1266 441 1326 auctoritate
463 1266 601 1327 hocloco
616 1268 783 1328 Priscianus
803 1269 905 1336 utitur,
926 1265 1031 1326 deiude
1050 1263 1087 1322 de
1101 1261 1260 1322 Heliodoro
1275 1262 1379 1330 dicam,

267 1373 350 1432 cuius
373 1389 482 1433 nomen
512 1374 548 1434 ab
572 1375 630 1434 hoc
653 1375 771 1453 quidem
800 1374 866 1434 loco
887 1373 1016 1433 alienum
1037 1377 1093 1438 est,
1121 1368 1317 1446 sedsaepius
1345 1387 1381 1428 ec
1435 1365 1438 1369 ’

266 1495 338 1538 usus
362 1485 406 1537 est
427 1479 595 1542 Erisciauus
618 1482 647 1542 iu
669 1481 745 1540 libro
769 1480 805 1540 de
831 1480 932 1538 metris
954 1477 1097 1540 Terentii..
1163 1513 1167 1518 -
1310 1466 1312 1469 ’

352 1585 426 1644 Ante
452 1589 547 1648 omnia
579 1594 677 1650 autem
706 1587 996 1647 animadvertendum
1026 1590 1070 1644 est
1097 1582 1281 1642 Prisciauum
1307 1579 1382 1639 haec

267 1707 326 1750 non
344 1711 378 1752 ex
402 1693 465 1769 ipso
487 1694 601 1774 Didymi
620 1695 710 1774 libro,
733 1671 786 1756 sed
809 1713 845 1754 er
866 1691 1031 1771 recentiore
1054 1689 1182 1766 quodam
1202 1693 1381 1748 commenta·
1450 1751 1454 1757 ,

260 1799 312 1857 rio
335 1798 449 1858 Graece
472 1801 598 1879 scripto,
625 1802 655 1860 iu
677 1819 735 1880 quo
766 1799 843 1860 illius
859 1798 949 1859 verba
976 1797 1061 1858 citata
1083 1799 1208 1867 invenit,
1235 1795 1380 1872 petivisse,

267 1905 345 1982 quod
376 1906 493 1983 quidem
524 1907 592 1966 satis
620 1908 743 1986 adparet
769 1926 806 1966 ex
835 1906 881 1965 his
903 1903 1000 1964 verbis
1022 1922 1097 1981 quae
1125 1908 1155 1966 in
1184 1882 1265 1966 initio
1287 1902 1381 1978 posita

267 2018 350 2081 suut,
382 2005 438 2071 uoci
462 2009 613 2102 Δίδυμος
642 2009 679 2074 ἐν
705 2014 752 2097 τῷ
774 2009 851 2108 oapi
875 2013 934 2091 τῆς
957 2005 1048 2092 παρὰ
1062 2005 1236 2090 Ῥωμαίοις
1257 2004 1382 2071 ἀναλο-

267 2114 391 2196 γίας*)’,
419 2134 494 2195 quae
516 2117 563 2178 ille
584 2138 642 2179 uua
672 2139 740 2181 cum
764 2122 834 2198 ipsis
856 2118 969 2196 Didymi
991 2118 1088 2178 verbis
1110 2138 1127 2178 a
1149 2120 1263 2180 Graeco
1284 2133 1381 2192 gram·

248 2223 388 2291 malleo,
412 2241 499 2300 quern
521 2230 639 2284 secutus
662 2233 724 2296 est,
744 2227 866 2302 recepit.
910 2242 978 2282 narn
1002 2212 1158 2284 ridiculum
1176 2229 1253 2290 erat,
1273 2223 1298 2280 si
1320 2223 1382 2299 ipse

268 2329 434 2397 addidisset,
457 2337 612 2408 postquam
633 2331 734 2394 Latine
756 2334 834 2394 idem
853 2348 962 2390 nomen
978 2331 1103 2407 scripsit.
1149 2336 1237 2408 atque
1255 2329 1310 2388 nisi
1329 2326 1381 2386 ial-

267 2436 322 2504 lor,
344 2436 402 2527 hoe
420 2456 537 2515 quoque
559 2437 624 2499 loco
647 2440 816 2501 Dardanum
835 2438 918 2499 illum
940 2442 1059 2498 secutus
1082 2444 1138 2506 est,
1160 2438 1246 2497 cuius
1266 2442 1381 2496 senteu-

268 2545 337 2604 tiam
371 2550 455 2603 antea
486 2545 522 2605 de
556 2546 643 2605 obolo
666 2554 695 2606 et
722 2546 832 2607 talentu
859 2545 995 2607 attulerat
1016 2518 1149 2619 plear
1171 2549 1201 2602 et
1224 2541 1312 2601 1349.
1359 2541 1383 2607 is

269 2668 338 2710 vero
365 2666 426 2709 uon
453 2650 567 2710 videtur
594 2652 726 2713 diversus
754 2670 818 2713 esse
847 2652 884 2712 ab
914 2671 949 2711 eo
977 2653 1027 2729 qui
1057 2669 1072 2709 a
1101 2651 1211 2710 loauue
1236 2648 1317 2726 Lydo
1345 2647 1382 2705 de

268 2772 360 2815 mens.
386 2774 414 2833 p.
440 2755 496 2826 56,
522 2756 562 2815 22
585 2758 630 2818 ed.
652 2758 746 2819 Boun.
770 2754 964 2839 Δαρδάνιος
982 2757 1087 2816 dicitur
1097 2753 1159 2835 ii),
1185 2748 1204 2814 d
1224 2750 1267 2814 di
1287 2754 1382 2833 Δαρ-

336 3012 365 3079 *)
388 3016 421 3063 In
447 3016 541 3067 codice
558 3019 691 3069 Leidenei
708 3018 752 3068 his
770 3017 914 3069 vocabulis
931 3021 974 3066 ter
992 3016 1158 3081 interposita
1176 3018 1219 3064 est
1239 3012 1265 3062 Τ
1278 2985 1396 3061 littera.l

269 3104 338 3168 quod
357 3105 410 3153 nisi
429 3121 496 3154 casu
515 3112 542 3155 et
561 3122 652 3157 errore
670 3102 778 3158 librarii
797 3109 902 3157 factum
921 3123 981 3156 esse
1000 3106 1166 3171 putabimus,
1187 3104 1314 3169 quoniam
1332 3102 1382 3152 tali

271 3194 330 3242 iere
349 3197 415 3241 nota
433 3209 497 3245 usos
517 3212 578 3246 esse
597 3198 725 3249 librarios
745 3203 869 3260 constat,
894 3197 985 3261 siquid
1000 3196 1130 3252 ,omissum
1148 3194 1194 3244 vel
1212 3194 1303 3248 alieno
1320 3193 1382 3242 loco

268 3284 387 3349 positum
406 3298 467 3335 esse
485 3286 608 3337 indicare
627 3288 773 3350 volebant,
793 3288 978 3353 ‘suspitionem
1001 3299 1112 3335 movere
1134 3287 1227 3347 potest
1248 3286 1279 3331 ut
1296 3282 1382 3332 verba

269 3374 432 3439 perturbata
464 3389 524 3424 esse
555 3377 707 3429 credamus.
749 3392 814 3427 nem
844 3375 915 3441 qnod
937 3379 974 3429 M.
999 3374 1165 3426 Schmidtius
1187 3374 1251 3423 Did.
1282 3374 1380 3438 fragm.

269 3481 295 3528 p.
315 3462 365 3513 346
383 3464 528 3530 censebat,
554 3465 768 3533 distinguendae
792 3467 911 3517 orationi
935 3483 996 3516 eam
1014 3467 1137 3516 litteram
1155 3463 1304 3524 inservire,
1327 3477 1382 3511 non

268 3554 349 3604 video
368 3557 491 3603 veterum
509 3552 639 3602 librorum
662 3568 737 3605 more
761 3556 880 3620 probari.
918 3571 1002 3620 quam
1022 3554 1056 3602 ob
1079 3568 1136 3602 rem
1159 3552 1230 3601 haec
1253 3552 1294 3599 sie
1318 3549 1383 3600 clim

271 3664 287 3697 a
304 3646 450 3696 Prisciano
470 3642 573 3706 scripta
593 3656 654 3690 esse
674 3645 790 3707 conieci,
809 3647 931 3709 Didymen
944 3647 1019 3695 etiam
1031 3659 1063 3692 ea
1074 3644 1203 3704 confirmet
1217 3630 1249 3689 ἐν
1265 3637 1305 3700 eoi
1316 3633 1382 3701 περὶ

269 3735 319 3801 τῆς
343 3727 420 3799 παρὰ
436 3727 585 3799 Ῥωμαίοις
607 3721 778 3799 ἀναλογίας,
802 3732 861 3786 nat
878 3734 1008 3800 Δίδυμος
1019 3721 1127 3796 Ἴωνες,
1150 3735 1180 3779 ut
1202 3730 1250 3779 ille
1273 3730 1382 3779 titulum

268 3824 334 3875 libri
353 3840 369 3873 a
383 3822 491 3873 Graeco
510 3823 690 3888 grammatico
709 3826 761 3875 hoe
779 3826 841 3876 loco
859 3827 988 3877 omissum
1006 3824 1066 3889 ipse
1085 3822 1245 3873 addidisset.
1269 3820 1383 3869 tametsi

265 3916 304 3963 ne
322 3913 391 3963 illud
410 3912 519 3977 quidem
537 3912 606 3961 satis
619 3914 679 3963 veri
697 3915 788 3965 simile
802 3921 855 3980 eut,
872 3932 962 3981 neque
980 3914 1090 3965 omnino
1108 3913 1151 3961 illi
1161 3912 1283 3973 litterae,
1302 3926 1382 3976 prae-

269 4004 363 4055 sertim
387 4020 448 4053 cum
471 4002 570 4067 reliqui
592 4002 657 4051 libri
680 4004 863 4068 dissentiant,
892 4005 1038 4071 quicquam
1060 4002 1234 4081 tribuendum
1258 4016 1318 4051 esse
1342 4002 1382 4051 vi-

270 4093 357 4143 detur.
1435 4082 1439 4090 ’

201 4280 203 4285 Ι
273 4240 275 4257 ,
337 4200 376 4267 **)
395 4206 427 4253 In
439 4204 578 4284 Prisciani
595 4192 675 4256 libris
694 4212 736 4255 est
754 4208 894 4256 Dardanus
912 4222 937 4269 p.
959 4204 1024 4255 1374
1048 4210 1076 4253 et
1093 4206 1242 4255 Dardanum
1259 4221 1286 4269 p.
1308 4201 1380 4265 1349,

269 4292 324 4341 nisi
343 4294 413 4357 quod
431 4294 521 4357 priore
538 4294 599 4346 loeo
617 4294 798 4361 Erlaugensis
811 4295 915 4345 codicis
934 4288 1072 4346 corrector
1090 4310 1172 4360 super
1190 4294 1292 4358 scripta
1311 4290 1382 4341 ilit-
1444 4321 1446 4324 -

269 4386 344 4445 tera,
364 4388 394 4431 ut
412 4383 528 4447 videtur,
549 4386 696 4434 Dardanius
715 4385 799 4433 scribi
812 4384 908 4435 voluit.
