3234 4850
408 428 430 444 ··
455 381 884 490 „L

249 563 278 621 in
290 560 440 638 publicum
457 561 609 637 proposita
623 579 696 620 nova
708 537 854 630 editione,
873 579 948 640 quac
961 559 1071 637 aliquot
1086 558 1195 618 abhinc
1212 555 1363 620 mensibus

248 667 599 744 finitaest,retractarem.
624 658 1363 747 uniusenimexlibrisPi·isciani,quiestdefiguris
1413 731 1416 735 ,

247 791 456 842 numerorum,
487 773 579 834 codex
603 792 691 834 manu
715 775 843 854 scriptus
863 777 891 834 in
913 774 1091 834 bibliotheca
1108 780 1226 832 nostrae
1246 773 1362 831 univer-

248 881 339 939 sitatis
362 885 441 939 extat
464 882 534 940 satis
560 879 656 941 bonus
678 891 707 942 ct
735 885 881 961 antiquus
927 899 1014 958 quem
1038 895 1216 958 quamquam
1239 895 1276 937 ne
1299 885 1361 936 tum

247 985 365 1064 quidem
395 986 581 1062 ignorabam,
612 1007 679 1050 cum
708 993 736 1050 in
767 1008 801 1050 eo
826 987 903 1046 libro
924 983 1106 1044 recensendo
1129 992 1157 1041 et
1177 983 1361 1042 emendando

247 1099 407 1169 occupatus
430 1113 527 1164 eram,
552 1102 664 1163 tamen,
692 1097 829 1174 qnoniam
853 1095 882 1152 in
904 1088 1112 1151 iis'eodicihus
1136 1106 1209 1166 quos
1231 1089 1361 1148 conlatos

246 1197 392 1258 habebam
414 1202 482 1260 satis
501 1201 640 1278 praesidii
658 1193 787 1277 positum
807 1218 871 1260 esse
893 1196 1073 1265 arbitrabar,
1099 1196 1135 1256 ad
1158 1197 1361 1255 recensionem

245 1321 305 1362 non
339 1305 467 1366 adhibui.
515 1325 583 1366 nam
605 1305 708 1367 litteris
727 1305 924 1367 Doederleinii
946 1305 1053 1373 nostri,
1085 1304 1137 1363 viri
1165 1300 1360 1369 illustrissimi,

247 1409 356 1468 certior
382 1410 477 1472 lactus
498 1411 609 1473 bonum
628 1412 746 1490 quidem
770 1413 901 1473 codicem
923 1428 1003 1478 esse,
1021 1409 1080 1469 *sed
1104 1407 1231 1468 eundem
1252 1425 1361 1484 genere

245 1532 305 1573 non
320 1515 466 1576 diversum
489 1536 505 1578 a
527 1517 648 1596 reliquis
670 1521 801 1596 cognovi.
830 1535 927 1595 neque
949 1522 993 1574 cst
1017 1532 1070 1573 cur
1087 1514 1175 1573 huius
1196 1532 1244 1572 me
1262 1512 1360 1573 iudicii

245 1623 405 1698 paeniteat,
435 1630 591 1702 postquam
613 1625 704 1701 ipsius
723 1622 791 1684 libri
815 1623 898 1700 copia
917 1622 991 1681 iacta
1014 1628 1067 1680 est.
1114 1620 1164 1680 sed
1188 1638 1225 1680 ne
1247 1626 1359 1679 temere

244 1726 355 1788 bonum
378 1730 510 1790 codicem
533 1729 695 1808 neglexisse
716 1747 789 1790 neve
811 1730 881 1808 quid
902 1729 1034 1788 omisisse
1056 1727 1172 1796 credar,
1195 1725 1275 1803 quod
1293 1725 1360 1785 addi

244 1834 281 1892 ad
303 1853 399 1896 meam
423 1855 545 1914 operam
567 1838 675 1915 possit,
700 1836 755 1896 hac
777 1836 999 1913 opportunitate
1022 1832 1118 1894 oblata
1141 1834 1309 1894 accuratius
1323 1833 1359 1892 de

244 1939 301 1999 hoc
323 1940 399 2001 libro
423 1943 522 2002 dicere
545 1949 573 2002 et
597 1962 628 2002 ea
653 1961 728 2020 quae
751 1959 830 2000 nunc
852 1942 939 2000 etiam
960 1941 1047 2017 digna
1071 1957 1135 2000 esse
1153 1943 1295 2000 memoria
1319 1942 1359 1998 vi-

244 2047 350 2108 dentur
375 2066 545 2127 conponere
567 2050 659 2108 visum
683 2055 735 2108 est.

330 2155 428 2215 Codex
451 2163 549 2215 autem
573 2173 661 2232 quem
692 2155 758 2214 dico
780 2173 815 2213 ex
839 2148 1017 2215 bibliotheca
1042 2159 1179 2214 ‘sanctae
1197 2154 1307 2212 mariae
1328 2153 1357 2211 in

242 2257 422 2338 haylsbrun'
447 2261 476 2319 in
500 2261 577 2322 hanc
606 2261 712 2321 urbem
739 2253 898 2320 translatus
923 2259 993 2321 olim
1025 2261 1102 2320 inter
1122 2259 1239 2320 codices
1265 2257 1357 2318 lleils·

181 2377 184 2384 ·
243 2363 429 2427 brunnenses
457 2368 511 2429 luit
539 2386 665 2429 numero
688 2369 923 2447 septuagesimus
944 2373 1057 2438 sextus,
1084 2385 1164 2431 nunc
1188 2373 1232 2428 est
1253 2365 1356 2426 1111311-

243 2473 342 2546 gensis
366 2473 442 2542 848,
471 2491 530 2533 non
553 2474 629 2543 301,
651 2477 726 2537 sicut
748 2474 818 2535 olim
838 2474 986 2535 Halmium
1008 2472 1045 2533 de
1068 2473 1219 2533 codicibus
1241 2475 1357 2549 Cicero-

242 2578 288 2635 nis
313 2576 382 2655 (zur
407 2579 737 2644 Handschriltenkunde
758 2580 811 2639 der
834 2580 1063 2646 Ciceroniscben
1085 2581 1233 2641 Schriften
1256 2580 1356 2639 Mona·
1447 2566 1456 2573 ⁶

243 2682 300 2742 chii
326 2702 351 2743 a.
377 2684 466 2763 18511)
495 2702 522 2761 p.
552 2686 570 2747 3
596 2692 714 2745 secutus
735 2688 849 2764 scripsi.
895 2694 962 2765 post
995 2689 1145 2747 Ciceronis
1175 2686 1211 2745 de
1239 2693 1357 2745 oratore

242 2787 334 2848 libros
355 2791 461 2869 partim
483 2784 599 2852 decimo'
616 2793 662 2853 vel
678 2793 833 2853 undecimo
859 2793 977 2853 saeculo
999 2795 1106 2870 partim
1126 2796 1227 2873 quinto
1242 2792 1356 2852 decimo

179 2966 186 2975 Ι
212 2958 217 2969 ,
242 2892 368 2971 scriptos
384 2914 503 2957 carmen
520 2898 556 2959 de
572 2900 753 2977 ponderibus
771 2907 800 2961 et
814 2902 960 2960 mensuris
968 2900 1052 2961 Remi
1068 2901 1089 2959 F
1092 2902 1168 2961 arini
1181 2901 1299 2960 nomine
1312 2902 1355 2959 in-

242 3001 399 3076 scriptum,
424 3001 443 3059 l.
464 3004 522 3063 146
538 3006 679 3066 Pondere
700 3042 735 3051 -
758 3008 817 3067 147
832 3012 896 3069 stne
910 3012 1011 3085 aquis,
1032 3014 1059 3066 et
1072 2984 1214 3067 Prisciani
1229 3006 1303 3066 liber
1319 3007 1356 3065 de

241 3106 342 3182 liguris
357 3126 549 3173 numerorum
565 3112 681 3188 legitur,
699 3112 718 3171 1.
739 3116 797 3173 147
814 3115 989 3173 Priscianus
1001 3114 1355 3189 prommotc'cusSymmo·

240 3215 305 3273 cbo.
331 3214 418 3277 Omni
436 3252 469 3261 —
490 3218 549 3277 150
565 3220 683 3301 similia.
713 3220 750 3277 de
763 3222 872 3291 fipurr's
890 3192 1080 3279 numerorum
1096 3220 1172 3278 liber
1191 3222 1355 3292 sinpulcrr's

237 3318 339 3394 priscii
346 3322 521 3404 prummdcc
536 3327 734 3385 caesariensis
745 3321 863 3399 explic.
885 3330 1009 3403 uterque
1022 3323 1141 3385 liberab
1154 3324 1353 3385 eodemlibra·

241 3425 285 3483 rio
300 3426 428 3503 scriptus
440 3435 491 3499 est,
515 3430 565 3507 qui
583 3430 778 3507 antiquiorem
794 3438 908 3506 partem
921 3429 1065 3490 librorum
1078 3429 1226 3491 Ciceronis
1238 3430 1355 3509 scripsit

241 3540 270 3591 ct
289 3550 397 3593 nomen
418 3551 504 3595 suum
523 3535 675 3611 protessus
690 3542 733 3597 est
755 3536 901 3613 hisquae
920 3535 997 3595 libro
1013 3534 1155 3596 Prisciani
1170 3536 1352 3613 subscripsit,

240 3641 410 3699 venerando
432 3642 537 3702 abbate
554 3642 692 3715 percerte
712 3642 942 3717 philosophante
962 3660 1033 3701 suos
1055 3645 1181 3717 placens
1201 3642 1355 3717 ayrardus

239 3748 366 3821 scripsit.
411 3749 557 3825 scriptura
587 3753 685 3807 autem
714 3747 824 3807 codicis
851 3749 985 3824 proxime
1013 3748 1138 3809 accedit.
1153 3745 1189 3807 ad
1212 3747 1353 3823 optimum

240 3852 372 3912 codicem
385 3850 558 3915 Leidensem
575 3852 655 3912 Voss.
677 3857 724 3917 12.
738 3853 767 3921 8,
791 3871 919 3931 quocum
936 3854 977 3914 ita
991 3856 1077 3915 etiam
1099 3857 1129 3915 in
1144 3852 1218 3912 vitiis
1233 3851 1353 3930 quibus·

240 3959 317 4028 dam,
338 3956 445 4037 quibus
467 3958 573 4037 reliqui
587 3958 654 4021 libri
671 3966 782 4028 carent,
801 3961 956 4027 consentit,
972 3967 1005 4019 ut
1019 3980 1055 4019 ex
1071 3960 1174 4019 eodem
1194 3958 1353 4037 archetypo

239 4067 345 4126 ductus
369 4084 433 4125 esse
454 4063 596 4123 videatur.
641 4067 723 4143 prior
745 4067 892 4143 scriptura
918 4084 1007 4145 saepe
1037 4067 1138 4125 vitiosa
1168 4072 1270 4142 postea
1299 4064 1352 4125 alia

239 4190 343 4241 manu,
365 4190 439 4250 quae
459 4172 520 4248 ipsa
536 4188 653 4249 quoque
668 4171 737 4230 satis
753 4172 870 4249 antiqua
894 4190 959 4233 esse
976 4172 1098 4242 ridetur,
1114 4174 1222 4249 partim
1236 4173 1352 4232 coniec-

239 4282 304 4335 tura
321 4277 434 4339 librarii
449 4279 556 4355 partim
573 4276 702 4336 adhibito
723 4280 813 4338 veteri
831 4276 991 4355 exemplari
1013 4286 1145 4339 correcta
1163 4287 1215 4339 cst.
1242 4264 1352 4341 '‘Grae-

240 4400 344 4443 corum
373 4385 550 4461 scriptorum
567 4376 655 4443 ve'rha
672 4401 687 4443 a
703 4384 855 4443 Prisciano
870 4384 1018 4463 adscripta
1033 4387 1147 4461 integra
1165 4384 1286 4446 exbibet
1302 4404 1351 4444 co·
