3234 4850
829 345 866 403 16

283 514 431 576 vocalibus
453 515 519 577 loeo
542 522 764 581 consonantium
789 526 890 602 positis
911 525 1022 585 Plotius
1044 525 1063 584 1.
1088 544 1113 585 1.
1137 529 1163 588 11
1184 529 1324 590 trihuunt.
1365 552 1400 593 ex
1438 572 1442 577 .
1478 596 1479 599 ,

281 623 343 700 ipsa
367 630 464 684 autem
487 632 650 694 metrorum
677 628 871 705 explicatione
892 631 1031 692 uberiora
1056 641 1192 711 excerpta
1216 636 1254 696 de
1276 637 1401 699 iambico

281 737 376 790 metro
397 729 527 790 exhihuit
545 729 668 792 Ruiinus
688 730 719 808 pl
734 734 811 794 2711
832 754 887 814 sq,
909 755 1003 813 pauca
1026 737 1140 796 incerto
1160 743 1280 802 nomine
1303 761 1398 820 gram-

280 838 406 896 maticus
426 836 501 898 anai.
527 855 650 915 gramm.
672 838 754 896 Vind.
778 856 806 915 p.
824 840 896 909 521,
919 843 989 902 item
1012 842 1048 903 de
1072 844 1198 905 iambico
1219 854 1248 906 et
1270 848 1307 908 de
1330 868 1400 909 con·

279 943 394 1002 fusione
417 949 580 1003 metrorum
599 943 765 1004 Priscianus
788 945 930 1006 demetr.
955 948 1024 1007 Ter.
1045 967 1074 1025 p.
1094 949 1169 1010 1321
1197 970 1251 1029 sq,
1279 953 1316 1013 de
1339 961 1399 1013 tro-

278 1049 380 1110 chaico
403 1058 431 1110 et
453 1049 489 1109 de
508 1051 603 1109 ionico
624 1048 737 1108 Mallius
759 1049 934 1113 Theodorus
955 1072 983 1132 p.
1008 1055 1070 1116 518
1092 1057 1270 1117 11554111.
1295 1060 1397 1129 Garsi,

278 1156 314 1216 de
334 1157 521 1234 antispastico
543 1155 652 1216 Marius
668 1155 835 1218 Victorinus
856 1178 885 1236 p.
911 1158 1039 1238 953t*).
1075 1168 1176 1222 nostra
1198 1167 1339 1226 memoria
1361 1150 1399 1226 de

276 1263 348 1324 luha
363 1264 486 1323 metrico
502 1262 684 1338 seripserunt
699 1269 728 1321 et
742 1263 906 1338 fragmenta
922 1267 985 1324 eius
997 1277 1218 1343 conposuerunt
1231 1269 1274 1330 W.
1287 1261 1397 1350 Plagge

278 1370 315 1429 de
338 1369 410 1429 luha
432 1367 458 1426 11
481 1386 551 1444 rege
574 1365 771 1427 Mauretaniae
793 1368 961 1429 Monasterii
985 1371 1232 1450 Guestphatorurn
1262 1392 1288 1432 a.
1317 1377 1396 1437 1819

275 1493 304 1556 p.
329 1476 368 1534 77
384 1491 458 1552 sqq,
481 1473 514 1532 B.
539 1478 588 1530 ten
605 1469 695 1529 Brinh
718 1470 808 1531 luhae
826 1472 965 1533 Maurusii
988 1475 1024 1534 de
1044 1495 1078 1534 re
1098 1479 1220 1536 metrica
1243 1482 1395 1555 scriptoris

276 1580 417 1658 reliquiae
444 1576 592 1637 Vltraieoti
617 1594 641 1633 a.
677 1575 774 1643 1851,
807 1576 842 1636 Η.
867 1576 998 1638 Wentzet
1029 1569 1179 1656 symbolae
1208 1583 1327 1642 criticae
1357 1584 1392 1642 ad

274 1685 426 1746 historiam
448 1684 625 1759 scriptorum
646 1672 688 1766 rei
710 1683 850 1742 metricae
872 1683 1042 1742 Latinorum
1064 1685 1250 1747 Vratistaviae
1270 1707 1295 1746 a.
1315 1687 1392 1750 1858

274 1810 301 1870 p.
327 1793 365 1849 15
388 1808 451 1868 sqq.
474 1806 544 1856 1111,
573 1804 611 1846 ne
637 1805 669 1846 ea
697 1804 773 1864 quae
800 1787 837 1846 ab
866 1788 921 1848 illis
946 1780 1182 1867 disputata'sunt
1214 1782 1416 1871 repetamus,¹

273 1900 410 1976 quoniam
439 1898 474 1956 iis
499 1911 573 1972 quae
594 1893 762 1954 Priscianus
790 1902 820 1957 et
842 1875 966 1956 {tutinus
992 1904 1184 1958 servaverunt
1211 1903 1281 1960 satis
1311 1909 1391 1962 certa

273 2005 377 2064 indicia
402 2001 550 2062 inferioris
576 2001 691 2069 aetatis,
720 2001 756 2061 ad
785 2020 872 2079 quam
892 2003 995 2064 Iubam
1017 1981 1219 2064 referendum
1230 2023 1295 2065 esse
1318 2007 1390 2067 dixi·

271 2098 346 2178 mus,
367 2111 475 2177 insunt,
498 2108 543 2167 his
563 2125 641 2168 nuno
660 2106 887 2184 disputationem
904 2116 1035 2170 nostram
1051 2110 1276 2171 continebimus.
1310 2113 1388 2172 Pris-

271 2219 372 2277 cianus
391 2217 479 2293 igitur
500 2233 529 2292 p.
553 2213 642 2282 1821,
666 2221 699 2274 ut
719 2221 834 2274 veteres
856 2222 958 2291 poetas
981 2233 1085 2294 magna
1097 2214 1238 2279 libertate
1254 2218 1283 2275 in
1298 2219 1389 2299 versi·

271 2323 326 2383 hus
350 2321 550 2400 conponendis
571 2337 640 2380 usos
663 2339 726 2381 esse
748 2320 898 2397 probaret,
921 2322 995 2383 haec
1018 2324 1122 2400 posuit,
1146 2342 1222 2401 qnae
1242 2324 1389 2403 aliquanto

271 2431 470 2491 emendatiora
493 2448 579 2509 quam
603 2436 688 2489 antea
711 2427 883 2488 ferebantur
907 2429 1108 2500 exhibuimus·
1123 2435 1281 2493 Asmom'as
1301 2435 1389 2491 ettam

269 2538 347 2598 idem
368 2542 526 2611 confirmat
544 2540 589 2597 tis
617 2538 725 2608 vertis,
750 2539 868 2595 ‘comica'
884 2542 990 2609 pactae
1009 2539 1110 2596 laxias
1135 2542 1296 2598 etiamnum
1317 2555 1387 2596 aer-

203 2658 210 2673 ·
267 2646 347 2703 sitas
378 2648 439 2705 sats
469 2660 557 2718 qaam
587 2645 698 2717 trapict
722 2643 852 2715 spatium
878 2642 1027 2700 dederant
1046 2650 1075 2701 11
1100 2646 1385 2717 1111111111111,

268 2768 343 2825 qaae
361 2752 485 2825 proprie
508 2751 651 2810 debentur
672 2748 782 2823 iambo,
813 2747 968 2821 dactylicis
989 2757 1138 2823 occupant
1154 2752 1293 2824 pedibas,
1316 2750 1387 2809 dam

267 2858 447 2917 cotidianam
474 2872 636 2915 sermonem
666 2855 778 2913 imitari
796 2855 895 2911 notant
916 2861 944 2911 et
962 2868 982 2910 a
1001 2856 1224 2925 versificationis
1245 2858 1386 2917 ohserva-

268 2966 344 3023 tione
363 2971 557 3038 spectatorem
576 2962 620 3020 act
640 2968 738 3021 actam
760 2962 807 3019 111
826 2966 1005 3037 convertere,
1023 2968 1129 3035 utnon
1146 2966 1225 3035 fietis
1239 2964 1293 3023 sed
1310 2966 1387 3023 aeris

266 3070 471 3142 affectionibus
493 3071 587 3129 inesse
607 3066 767 3127 atdeatar'.
795 3063 872 3136 Iade
892 3063 969 3125 ‘ideo
983 3070 1015 3125 m
1037 3070 1168 3130 secanda
1187 3076 1215 3130 et
1236 3077 1342 3144 quarto
1359 3077 1388 3129 et

265 3184 348 3235 sexto
363 3179 425 3235 ioco
440 3175 556 3233 iamtas
579 3190 637 3233 aon
659 3174 768 3245 recipit
787 3174 847 3230 atsi
862 3189 882 3230 a
901 3172 985 3233 trevi
1002 3176 1182 3250 incipientes,
1203 3180 1274 3252 qaia
1294 3176 1386 3235 1111111

265 3283 336 3340 locis
362 3280 517 3351 feriantur
544 3298 601 3354 per
619 3281 854 3353 coniapattanem
879 3280 1048 3353 pedestrem
1068 3288 1245 3350 metrorum·
1276 3289 1305 3340 et
1324 3284 1385 3339 1111

263 3396 398 3447 extrema
418 3404 493 3462 pars
510 3386 620 3460 pedam
641 3386 833 3445 tamticomrm
853 3388 980 3446 11111111
1006 3404 1081 3459 esse,
1111 3388 1254 3461 quomoda
1277 3394 1307 3445 et
1324 3386 1384 3459 tpsi

264 3494 361 3552 tamti.
391 3495 528 3567 accepere
549 3498 647 3549 autem
667 3494 739 3550 solet
756 3508 899 3551 caesuras
920 3493 1099 3567 daas‚.qaas
1119 3503 1148 3551 et
1168 3494 1328 3568 heroicam,
1351 3492 1383 3549 11

265 3628 289 3635 ι...
312 3631 318 3634 .
332 3626 501 3637 ..ὼ-...μ-

330 3713 358 3781 *J
389 3718 468 3777 Quae
492 3716 596 3766 Marius
618 3715 775 3771 Victorinus
794 3714 864 3765 Iuba
885 3720 999 3766 auctore
1030 3716 1063 3766 de
1086 3721 1174 3767 metro
1199 3716 1379 3781 antispastieo

262 3806 349 3857 tradit
375 3806 416 3855 ita
440 3806 617 3855 consentiunt
648 3820 708 3854 cum
738 3804 773 3852 iis
798 3819 868 3867 quae
904 3804 937 3855 de
968 3807 1065 3859 eodem
1093 3813 1180 3858 metro
1207 3805 1380 3870 Hephaestio

262 3910 288 3960 p.
302 3896 335 3945 55
353 3910 411 3958 sqq.
429 3895 539 3955 scribit,
560 3899 590 3943 ut
612 3894 746 3945 Graecum
767 3898 795 3942 et
815 3894 946 3943 Latinum
964 3898 1175 3960 grammaticum
1194 3911 1227 3943 ex
1244 3895 1381 3943 communi

262 3988 338 4035 fonte
367 3999 444 4033 suam
473 3982 628 4031 doctrinam
657 3982 782 4032 hausisse
808 3983 951 4047 adpareat.
989 3992 1098 4036 constat
1120 3990 1212 4035 autem
1236 3988 1380 4047 utrumque

261 4073 404 4123 Heliodori
427 4072 497 4121 libro
522 4086 600 4119 usum
619 4084 688 4119 csse.
726 4068 808 4135 atque
829 4089 862 4121 ex
879 4072 931 4122 hoc
951 4073 1028 4123 fonte
1047 4074 1126 4137 plura
1148 4075 1232 4122 etiam
1250 4072 1380 4121 videntur

261 4162 413 4226 repetenda
433 4176 506 4221 esse,
528 4159 561 4208 de
581 4160 679 4222 quibus
692 4160 866 4225 Hephaestio
886 4168 914 4238 et
926 4162 1085 4213 Victorinus
1104 4162 1289 4213 consentiunt.
1315 4176 1378 4209 nam

260 4250 432 4300 Victorinum
451 4255 524 4299 certe
543 4264 628 4313 saepe
647 4238 733 4298 Iubae
751 4249 903 4301 doctrinam
921 4253 1013 4316 sequi,
1034 4252 1144 4302 etiamsi
1160 4266 1260 4301 nomen
1284 4254 1377 4299 aucto-

259 4340 296 4388 ris
315 4354 369 4393 non
388 4340 550 4405 adscripsit,
572 4344 689 4391 constat.
