3234 4850
822 291 915 380 187-

281 475 378 528 autem
405 486 514 528 nomon
542 472 605 548 ipsc
626 472 793 534 Priscianus
818 475 943 546 addidit,
974 483 1006 536 ut
1032 477 1105 536 baec
1129 480 1225 538 omnia
1248 499 1323 559 quae
1345 483 1399 541 As·

281 576 371 634 monii
397 575 494 634 verbis
520 577 658 647 subiecit,
685 582 751 641 ideo
777 617 810 624 -—
832 584 947 654 suitur
973 586 1004 641 iu
1028 583 1158 642 secundo
1181 594 1210 645 et
1236 597 1344 660 quarto
1373 602 1402 651 et
1425 600 1430 607 '

279 691 374 752 seule,
406 679 495 739 lubae
519 699 582 742 esse
606 684 757 746 indicaret.
797 703 827 746 ec
852 706 977 749 revera
1002 688 1075 748 baec
1093 689 1133 746 ita
1158 696 1189 748 ut
1211 691 1269 750 dixi
1290 695 1397 768 scripta

281 803 345 845 esse
365 805 381 846 3
405 789 595 863 grammatico
621 790 777 851 manifesto
803 793 932 852 indicant
954 813 987 854 ea
1011 812 1087 871 quae
1107 793 1168 870 ipse
1191 795 1315 863 addidit,
1349 806 1399 856 ut-

279 895 366 952 tcudc
391 927 425 936 -
450 901 542 952 vocat.
588 912 657 954 nam
689 915 748 956 non
776 897 869 958 solum
901 906 1002 977 aperte
1033 897 1123 957 lubae
1149 898 1237 973 rerba
1268 903 1396 977 respicit,

280 1015 347 1056 cum
370 997 483 1058 iambos
505 997 574 1057 dicit
593 1002 742 1061 trimetros
763 1003 913 1072 iambicos,
935 1004 986 1063 sed
1010 1004 1095 1064 etiam
1118 1004 1204 1063 buius
1223 1009 1396 1066 seutentiam

280 1121 440 1179 cilionem,
465 1121 523 1162 non
540 1107 678 1176 Asnronii,
698 1127 733 1167 ex
756 1110 840 1168 cuius
861 1108 937 1195 libro
960 1101 1280 1187 paucanesutpserat,
1303 1130 1394 1188 eaque

278 1210 317 1266 ita
339 1215 497 1284 conparata
526 1216 559 1268 ut
588 1210 779 1288 explicatione
809 1234 868 1274 non
897 1223 1033 1292 egerent,
1061 1215 1129 1275 huic
1151 1234 1182 1275 se
1203 1218 1299 1275 omnia
1322 1235 1395 1294 (puae
1465 1297 1468 1303 1

278 1321 345 1374 ante
367 1316 485 1392 scripsit
509 1315 639 1377 tribuere
659 1320 813 1394 siguificat.
858 1321 903 1380 bis
922 1323 961 1381 ita
985 1323 1148 1381 constitutis
1170 1300 1254 1380 facile
1276 1322 1414 1399 adparet,

277 1437 314 1478 ne
336 1436 370 1478 ea
392 1419 510 1496 quidem
530 1439 605 1497 quae
627 1426 761 1499 proxime
783 1436 926 1486 secuntur
947 1427 982 1485 ad
1006 1424 1095 1484 aliurn
1119 1432 1269 1485 auctorem
1290 1429 1344 1486 nisi
1360 1428 1397 1487 ad

276 1523 380 1582 Iubam
400 1525 506 1583 relerri
528 1542 629 1602 posse,
657 1545 835 1607 quamquam
865 1531 985 1590 luerunt
1008 1531 1058 1607 qui
1079 1529 1153 1588 hacc
1173 1531 1203 1588 in
1222 1530 1307 1590 aliam
1329 1550 1396 1590 sen-

275 1631 395 1688 tentiam
418 1628 575 1689 dellectere
597 1632 757 1695 studerent.
792 1635 968 1696 Ritschelius
989 1637 1067 1694 enim
1089 1633 1108 1692 Ι.
1126 1650 1220 1703 3.,,33
1240 1633 1276 1692 ad
1292 1632 1394 1691 lubam

276 1734 469 1804 referrentur,
492 1738 529 1795 ita
547 1737 634 1798 verba
650 1739 860 1818 interpretatus
883 1748 942 1809 est,
964 1746 997 1799 ut
1018 1740 1047 1798 in
1069 1746 1172 1799 octavo
1191 1735 1257 1796 loco
1280 1736 1395 1796 iambici

185 1917 188 1926 Α
276 1859 378 1901 versus
409 1860 468 1901 non
497 1861 657 1921 numquam
687 1846 764 1906 idern
794 1846 872 1924 cpmd
902 1849 931 1906 in
957 1844 1119 1905 secundum
1151 1852 1180 1904 et
1204 1849 1341 1920 quartum
1367 1849 1396 1902 et

276 1954 390 2007 sextum
413 1949 531 2009 caderet
551 1951 616 2011 lieri
636 1953 797 2020 diceretur,
826 1951 939 2030 reliqua
956 1946 1057 2011 'autem
1082 1969 1156 2028 spirae
1179 1957 1319 2010 secuntur
1341 1951 1395 2026 ipsi

262 2052 425 2128 n-l'risciano
455 2055 665 2116 tribuerentur.
692 2038 762 2118 ¹sed
785 2074 881 2134 neque
902 2059 980 2117 idem
1002 2061 1031 2115 in
1052 2066 1153 2116 octono
1174 2059 1281 2116 omisso
1304 2057 1395 2116 verbo

275 2159 317 2217 sic
343 2159 449 2225 dicitur
472 2180 568 2240 neque
593 2164 724 2244 omnino¹
742 2162 799 2221 hoc
821 2165 994 2240 praesertim
1020 2163 1101 2231 loco,
1133 2181 1200 2222 curn
1226 2164 1394 2223 Priscianus

275 2271 407 2324 veterum
429 2270 618 2327 metricorum
640 2269 805 2328 testimonie
828 2276 989 2346 conponat,
1012 2269 1141 2346 intellegi
1163 2269 1259 2346 potest
1281 2269 1335 2326 nisi
1358 2268 1394 2326 de

275 2379 375 2433 octavo
398 2372 474 2434 libro
507 2375 659 2451 scripturis
689 2375 774 2440 cuius
796 2373 887 2435 verba
913 2375 1046 2436 subiecit.
1091 2393 1150 2435 non
1179 2375 1271 2452 magis
1299 2372 1394 2451 placet

274 2478 392 2556 Bergkii
416 2481 504 2548 ratio,
534 2481 584 2558 qui
611 2481 741 2540 Asmonii
761 2480 885 2548 librum,
914 2498 974 2540 non
997 2481 1101 2550 lubae,
1132 2459 1188 2542 dici
1210 2481 1301 2551 voluit
1322 2479 1340 2538 l.
1365 2497 1389 2538 c.

274 2602 302 2662 p.
324 2576 396 2650 379.
424 2585 503 2662 quod
532 2606 714 2681 quamquam·
737 2587 779 2646 sic
807 2585 926 2645 delendi
951 2587 1078 2664 quodam
1107 2588 1196 2647 modo
1223 2587 1328 2664 possit,
1360 2590 1392 2642 ut

273 2689 456 2751 Priscianum
475 2710 508 2751 ea
530 2710 605 2771 quae
626 2691 789 2771 anteposito
811 2690 901 2751 lubae
920 2694 1040 2751 nomine
1054 2711 1143 2770 supra
1160 2694 1317 2769 scripserat
1332 2707 1390 2748 non

274 2812 309 2853 ex
333 2795 420 2857 huius
441 2795 518 2856 libro
539 2798 682 2874 petivisse,
706 2796 757 2855 sed
780 2798 810 2855 in
830 2797 875 2855 bis
897 2786 1014 2876 quoque
1038 2797 1293 2875 Asnronium,·qni
1315 2794 1392 2865 illius

273 2902 444 2961 auctoritate
467 2920 538 2961 usus
558 2910 643 2971 esset,
666 2908 800 2962 secutum
821 2919 885 2961 esse
904 2902 1052 2972 dicamus,
1077 2911 1182 2975 tannen,
1204 2923 1271 2964 com
1291 2909 1392 2980 postea

273 3007 302 3063 in
326 3006 413 3065 nnius
438 3006 528 3068 lubae
543 3009 686 3068 sententia
703 3006 875 3084 explicanda
893 3015 1035 3079 versetur,
1059 3029 1163 3087 parum
1180 3008 1334 3090 probabile
1350 3014 1393 3066 est

273 3113 379 3171 iterum
410 3113 446 3173 ad
476 3115 648 3173 Asmouium
675 3115 837 3173 orationem
866 3114 974 3174 redire.
1020 3117 1140 3175 omuino
1168 3121 1267 3175 autem
1294 3114 1391 3173 verbis

273 3219 315 3277 sic
337 3223 369 3277 ut
389 3220 606 3297 suprascripta
627 3226 696 3278 sunt
718 3220 879 3279 emendatis
903 3219 982 3281 nulla
1005 3230 1167 3289 causaest,
1192 3238 1244 3279 cur
1266 3220 1391 3279 Priscia-

272 3340 327 3381 nus
350 3322 439 3383 lubae
465 3323 556 3384 libros
585 3324 689 3403 legisse
712 3343 771 3383 non
797 3325 950 3394 credulum
980 3327 1031 3387 sed
1056 3329 1153 3404 potius
1182 3332 1210 3385 et
1237 3326 1390 3401 superiora
1424 3316 1445 3405 f

273 3430 309 3487 de
331 3429 457 3489 iambico
479 3438 574 3491 metro
597 3441 625 3491 et
648 3431 720 3492 baec
743 3432 779 3491 de
800 3432 971 3509 confusione
986 3438 1147 3491 metrorum
1165 3450 1199 3490 ex
1216 3430 1285 3507 ipsis
1300 3430 1390 3489 lubae

273 3538 490 3597 commentariis
522 3538 713 3615 descripsisse
743 3537 891 3614 putandus
924 3546 976 3598 est.
1021 3555 1163 3599 numerus
1193 3542 1291 3595 tamon
1324 3543 1391 3594 octo

272 3640 416 3705 librorum
439 3644 589 3704 cllendere
611 3645 703 3721 possit
724 3645 754 3701 in
776 3662 811 3703 eo
834 3662 925 3721 opere
947 3645 1025 3723 quod
1049 3651 1143 3704 totum
1165 3641 1318 3705 inlustris
1340 3658 1389 3699 ex·

271 3749 414 3825 ponendis
442 3748 622 3816 versabatur,
651 3750 824 3825 praesertim
849 3768 916 3809 cum
939 3751 1043 3811 Iubam
1070 3752 1100 3809 in
1124 3756 1228 3828 quarto
1255 3748 1330 3808 libro
1353 3746 1388 3805 dc

271 3854 396 3925 iambico
413 3856 603 3933 disputavisse
621 3856 748 3918 sciamus
764 3863 885 3915 auctore
898 3856 1007 3916 Rufino
1018 3875 1046 3934 p.
1062 3856 1153 3915 2711.
1172 3874 1229 3934 qua
1245 3875 1279 3916 re
1294 3861 1390 3913 motus

271 3958 448 4021 Wentzelius
466 3961 484 4021 l.
509 3981 533 4022 c.
558 3980 585 4040 p.
613 3962 662 4030 24,
686 3968 717 4021 ut
738 3962 812 4021 haec
835 3962 871 4022 ad
894 3962 1020 4022 eundem
1041 3961 1150 4021 librum
1169 3967 1389 4025 revocarentur,

272 4067 327 4126 lmc
358 4086 475 4145 quoque
500 4067 565 4127 loco
592 4072 623 4127 in
653 4076 759 4141 quarto
792 4066 982 4126 scribendum
1010 4084 1074 4126 esse
1103 4065 1236 4125 coniecit.
1281 4065 1332 4125 sed
1361 4064 1390 4123 id

271 4175 376 4249 ipsum,
399 4173 478 4250 quod
500 4191 641 4233 numerus
663 4171 729 4231 libri
750 4172 867 4231 additus
888 4178 940 4240 est,
965 4191 1032 4232 curn
1048 4172 1173 4231 omissus
1194 4172 1231 4230 sit
1252 4171 1281 4228 in
1303 4186 1394 4251 supe-t

270 4279 413 4348 rioribus,
444 4298 518 4358 qtrae
542 4278 577 4337 ad
605 4284 741 4357 qrrartum
764 4278 873 4337 librum
895 4277 973 4337 baud
996 4276 1084 4337 dubie
1102 4277 1258 4354 pertinent,
1283 4275 1391 4334 indicat
