3234 4850
782 314 801 374 6

226 494 250 542 Ε
274 492 332 556 (doe
352 499 391 556 est
408 493 493 542 eodem
511 493 706 556 Erlanpensis),
725 495 850 544 didumus
869 493 952 542 etiam
972 508 1005 541 ea
1023 491 1166 542 confirmet
1187 492 1342 542 Tueton-

225 580 302 630 Moo
316 582 363 629 EN
376 579 425 630 ΤΩ
438 581 628 632 HEPICTHC
642 584 768 632 ΤΠΑΡΑ
786 581 963 632 ΡΩΜΑΙΟΙΟ
982 580 1212 630 ANAAOIIACT
1229 581 1341 630 ΙΩΝΕΟ

230 672 257 719 V
270 671 329 732 (doc
347 677 386 718 cst
403 673 488 720 codex
505 672 661 733 Leidensis),
681 673 805 721 diebrnrus
826 673 908 721 etiam
935 687 968 719 eo
990 669 1131 719 confirmet
1148 671 1212 719 ΚΑΙ
1231 670 1341 720 ΔΙΝΟΟ

225 759 274 806 EN
286 757 336 806 Tse
350 759 439 807 ΠΕΡΙ
452 761 524 810 THC
541 762 615 810 ΠΑΡ
628 761 805 810 ΡΩΜΑΙΟΙΟ
818 758 1048 811 ANAAOHACT
1061 757 1174 808 tanco
1189 759 1220 806 M
1232 756 1292 823 (doe
1304 766 1343 808 est

225 849 309 898 codex
322 846 499 913 Monacensis)
555 849 1079 901 tENuEbaTOTolnnuOENTOIE
1133 846 1344 897 6ΕΠΙΦΕΡΕΙ

226 936 260 998 E,
279 937 472 987 ΕΙΙΙΦΕΙΡΕΙ
487 939 518 1000 V,
538 939 731 990 ΕΠΙΦΕΡΕΝ
743 941 773 989 Μ
813 938 1153 1002 ἹΒΟΤΔΟΝΤΑΙΕΙΙΜ
1201 936 1343 986 8ΠΡΟΟ·

226 1024 421 1074 ΚΕΙΜΕΝΟΝ
445 1026 513 1086 EM,
537 1002 852 1078 ΠΡΟΚΕΙΜΕΝΟΝΙΞ
905 1029 933 1077 ll
953 1029 1120 1078 MONAAEI
1140 1029 1209 1090 VM,
1232 1028 1342 1078 NONA-

99 1085 102 1099 Ι
189 1135 196 1145 ·
227 1113 289 1163 ΔΕΙ
312 1113 337 1160 Ε
407 1112 437 1161 12
464 1113 704 1165 ΧΡΩΝΕΝΟΙΤΩ
724 1117 766 1179 M,
794 1116 984 1167 ΧΡΩΜΕΙΤΟ
1007 1121 1039 1181 V,
1065 1116 1295 1168 ΧΡΩΝΕΝΟΠΩ
1318 1117 1343 1164 Ε

297 1200 327 1251 13
336 1202 690 1280 nuunnurucanau
703 1206 974 1256 anunruccara
987 1208 1031 1256 n.-
1049 1195 1123 1270 ἅπερ
1137 1236 1167 1243 -
1183 1207 1213 1256 14
1220 1197 1343 1270 ἀσσάρια

226 1307 272 1339 om.
284 1291 311 1339 V
345 1290 374 1338 rs
386 1291 762 1358 ucxuun'rrouunorn
776 1295 1121 1345 ucxnunrrcnunnc
1133 1297 1164 1356 V,
1178 1295 1344 1344 ucxuun-

228 1378 467 1430 TiCNENOICM
522 1382 551 1430 17
561 1376 694 1448 τὲρτιουμ
713 1411 741 1417 -
761 1382 791 1431 18
808 1380 917 1448 τρίτον]
930 1383 1125 1435 ΤΕΡΙΤΟΝΕ
1175 1384 1205 1432 18
1217 1383 1344 1434 ΧΕΙΛΙΑ

227 1467 315 1518 arn
334 1501 343 1514 .
367 1468 401 1518 20
413 1471 515 1521 rourr
527 1473 590 1534 ar,
615 1473 715 1522 nunu
729 1473 761 1520 Μ
815 1473 849 1520 24
867 1471 1241 1524 naronazourucroe
1260 1472 1345 1522 arn

312 1558 474 1637 adscripsit
501 1554 575 1621 baec
597 1561 779 1629 PriscianuS,
809 1569 843 1620 ut
869 1581 903 1622 ea
929 1561 1004 1640 quae
1033 1569 1115 1622 antea
1143 1580 1171 1640 p.
1198 1560 1276 1621 1347
1307 1560 1344 1619 de

219 1665 354 1740 ⁸sestertii
375 1668 493 1734 nomine
516 1667 629 1728 dixerat
650 1667 755 1729 Graeci
781 1670 969 1744 ,grammatici
991 1670 1163 1728 auctoritate
1186 1668 1343 1726 confirma·
1389 1661 1394 1670 “

228 1777 282 1830 rot.
327 1772 378 1832 sed
399 1761 483 1850 'quae
508 1770 639 1833 Graecus
663 1775 873 1849 grammaticus
896 1792 931 1834 ex
954 1773 1168 1852 antiquioribus
1194 1774 1344 1860 scriptori-

229 1876 285 1936 bus
311 1877 346 1936 ad
370 1877 448 1936 bunc
469 1877 584 1938 dicendi
606 1897 693 1939 usum
716 1879 902 1957 probandum
926 1879 1021 1941 attolit
1037 1880 1136 1958 pravis
1158 1870 1346 1957 opinionibus

228 1989 368 2060 temptata
391 2001 450 2041 noo
480 1981 575 2042 solum
603 1985 639 2073 de
666 1985 723 2045 hoc
743 1988 807 2065 ipso
838 1986 903 2046 loco
925 1985 1063 2046 iudicium
1086 1984 1344 2061 perturbaverunt,

229 2107 332 2149 verum
361 2091 447 2148 etiam
475 2087 503 2146 in
533 2088 595 2148 aliis
621 2090 797 2168 quibusdam
824 2092 915 2152 rebus
937 2110 1006 2151 vero
1029 2090 1202 2152 inveniendo
1225 2091 1345 2152 obstite-

230 2200 307 2252 runt.
354 2193 426 2253 nibil
450 2193 545 2253 dicam
568 2195 604 2255 de
630 2196 711 2257 Etiae
735 2199 829 2258 Vioeti
853 2204 1036 2267 commento,
1062 2198 1112 2274 qui
1134 2200 1248 2273 primus
1263 2197 1346 2275 ,haec

229 2298 333 2370 verba,
358 2318 432 2386 quiae
456 2318 470 2358 a
492 2301 641 2377 prioribus
661 2283 824 2365 editoribus
845 2307 952 2364 omissa
971 2310 1068 2372 erant,
1092 2304 1121 2362 in
1144 2304 1346 2365 suaxeditione

228 2404 346 2483 Parisiis
374 2426 399 2465 a.
429 2406 508 2467 1565
540 2389 615 2469 facta
649 2429 684 2471 ex
714 2410 815 2471 codice
838 2410 973 2472 Leidensi
998 2406 1138 2469 extribuit.
1194 2410 1218 2468 is
1247 2410 1344 2485 igitur,

230 2529 297 2570 curn
328 2528 382 2586 pro
413 2507 451 2571 ἐν
473 2509 509 2573 δὲ
532 2511 781 2595 Βατουσιάδης,
816 2518 866 2595 qui
899 2523 943 2575 est
964 2532 1067 2573 versus
1094 2512 1277 2581 Archilochi,
1309 2512 1346 2574 ἓν

230 2610 393 2686 δεκάτους
411 2610 517 2698 ’idom
540 2622 730 2701 scripsisset„
752 2624 851 2683 nescio
881 2639 969 2699 quem
997 2618 1111 2684 ladem,
1138 2621 1188 2696 qui
1217 2619 1253 2679 de
1282 2627 1349 2696 arte

231 2722 341 2781 musica
362 2723 536 2801 scripsisset,
560 2728 642 2785 citari
664 2726 719 2786 sibi
734 2728 894 2805 persuasit;
918 2724 998 2785 unde
1017 2739 1125 2781 novum
1143 2743 1253 2785 nornen
1270 2727 1346 2785 inter

230 2828 390 2904 scriptore's
412 2832 456 2889 rei
477 2834 606 2892 musicae
628 2833 777 2892 recensuit
798 2832 951 2891 Fabricios
963 2829 1043 2889 bibl.
1067 2828 1170 2888 Graec.
1199 2827 1238 2888 111
1262 2827 1346 2896 too

232 2932 261 3012 (t.
285 2934 324 2994 111
354 2952 382 3011 p.
408 2936 469 2996 650
500 2939 546 2999 ed.
569 2937 672 3017 Hert).
724 2955 791 2997 narn
821 2936 890 2997 illud
918 2937 1038 3015 quidem
1060 2942 1089 2995 et
1110 2951 1189 2993 nunc
1213 2933 1345 2992 codicurn

231 3041 288 3100 fide
310 3042 468 3117 corrigitur
492 3049 521 3102 et
540 3046 608 3105 olim
625 3045 702 3105 felici
723 3045 892 3103 coniectura
910 3052 1078 3103 correctum
1100 3049 1163 3102 erat
1183 3039 1347 3099 aPorsono

231 3132 309 3225 apud
331 3147 528 3208 Gaisiordium
552 3152 581 3210 in
603 3151 698 3227 Hcph.
727 3168 756 3229 p.
781 3150 846 3210 39.⁴
877 3148 928 3207 sed
951 3150 1068 3226 gravius
1092 3152 1223 3207 erratum
1246 3150 1291 3203 est
1318 3145 1347 3202 iu

232 3255 266 3313 iis
288 3272 363 3332 quae
383 3253 419 3313 de
441 3254 592 3315 Herodoto
619 3258 726 3334 scripta
752 3261 829 3316 sunt.
870 3253 907 3313 de
930 3253 1037 3332 quibus
1055 3261 1211 3340 postquarn
1230 3250 1347 3310 Wessc-

231 3359 338 3435 iingios
371 3361 400 3419 in
436 3334 544 3421 flerod.
576 3362 588 3421 Ι
619 3364 659 3422 50
693 3363 840 3424 adnotavit
872 3359 961 3434 ¹rerba
992 3356 1048 3420 noi
1081 3353 1159 3428 τούς
1187 3354 1349 3436 τέσσαρας

231 3459 336 3545 ἥμισυ
366 3462 480 3547 πήχεις
507 3445 659 3547 πέμπτην
688 3464 864 3547 σπιθαμήν
889 3483 950 3525 non
979 3465 1014 3525 ad
1044 3449 1112 3525 eom
1138 3461 1236 3522 locurn
1260 3481 1347 3539 quem

233 3579 295 3632 torn
317 3552 462 3634 tractabat
474 3552 635 3635 reserenda
659 3592 739 3642 esse,
760 3575 889 3650 primum
909 3571 1096 3661 daisiordius
1121 3570 1139 3629 Ι.
1169 3587 1194 3628 c.
1222 3568 1279 3627 boc
1309 3570 1347 3628 ita

233 3680 390 3755 pervertit,
420 3687 453 3740 ut
476 3699 510 3741 ea
532 3679 622 3739 verba
645 3680 765 3738 omnino
786 3696 846 3737 non
866 3668 1014 3754 pertinere
1037 3677 1074 3736 ad
1097 3674 1278 3736 Herodotum
1305 3673 1347 3732 di-

139 3854 141 3857 ·
234 3776 323 3845 curet.
371 3785 476 3845 deinde
498 3785 717 3846 Lindemauous
747 3785 777 3843 in
798 3784 890 3843 Prisc.
915 3800 962 3859 op.
986 3783 1055 3841 min.
1078 3801 1107 3862 p.
1132 3782 1193 3842 379
1216 3780 1347 3841 Herodo-

233 3898 295 3952 tum
323 3910 424 3952 rerum
448 3894 622 3968 scriptorem
644 3909 768 3969 prorsus
790 3890 917 3950 alienum
940 3907 1005 3949 esse
1037 3889 1073 3948 ab
1100 3890 1157 3949 hoc
1178 3889 1243 3949 loco
1266 3895 1349 3948 ratus

233 3999 456 4075 grammaticum
484 3998 629 4077 quendam
661 3998 764 4057 eodem
791 3999 910 4057 nornine
940 3995 1132 4073 appellatum,
1163 3996 1246 4055 cuius
1273 3995 1349 4055 liber

234 4101 311 4186 περὶ
335 4103 499 4183 μουσικῆς
522 4105 677 4173 citaretur,
707 4103 935 4180 intellegendum
959 4120 1022 4162 essc
1045 4101 1225 4160 existimarit.
1268 4100 1349 4159 deni·

237 4230 294 4289 que
321 4211 507 4271 Godotredus
527 4212 731 4278 Hermannos,
761 4227 850 4286 quem
874 4216 1025 4268 auctorem
1051 4207 1226 4266 novissimus
1255 4205 1349 4265 editor

235 4317 372 4379 ltrehlius
399 4323 517 4377 secutos
547 4323 604 4383 est,
634 4316 772 4395 quoniam
793 4333 898 4395 parurn
922 4313 1113 4393 probabiliter
1134 4312 1205 4373 illud
1232 4312 1268 4371 de
1290 4309 1347 4369 He-
