3234 4850
782 290 821 348 19

240 475 314 534 haec
337 495 373 534 ex
394 473 450 534 alio
470 472 546 532 lihro
568 478 655 549 atque
677 471 723 532 illa
745 473 833 549 petita
856 487 929 530 esse.
973 470 1071 545 itaquo
1093 468 1117 525 si
1134 469 1231 527 minor
1251 486 1354 528 nume·

240 598 291 640 rus
314 580 484 658 requiritur,
507 579 616 639 rectius
638 597 692 656 pro
714 583 744 638 r'n
776 578 856 638 VIII
874 577 1061 636 restituemus
1082 578 1113 635 m
1143 577 1170 631 V
1185 577 1270 635 terro.

322 686 355 745 ln
376 685 422 744 his
450 687 539 764 igitur
565 705 640 764 quae
660 685 750 744 lubae
771 683 980 743 vindicavimus
1001 682 1103 741 aetatis
1125 680 1263 740 indicium
1285 699 1354 739 con-

178 837 189 847 .
238 795 333 852 tinent
354 797 415 849 tres
436 809 538 852 versus
557 809 630 869 quos
651 807 707 868 pro
730 788 865 866 exemplo
886 791 1004 849 vitiosae
1023 795 1187 848 metrorum
1208 784 1355 845 conlusio·

225 881 283 956 ¹nis
305 897 513 972 grammaticus
536 897 642 972 posuit.
687 896 769 956 tinxit
792 895 870 954 enim
890 895 964 964 illos,
985 896 1013 954 id
1034 894 1113 972 quod
1135 909 1223 968 saepe
1246 889 1355 949 iactum

239 1011 282 1062 est
312 1005 342 1063 in
362 1001 420 1060 hoc
442 1017 565 1077 genere,
597 1019 632 1060 cx
654 1001 787 1062 versihus
809 1000 941 1077 Septimii
963 1002 1081 1068 Sereni,
1107 1015 1187 1077 qnos,
1208 998 1238 1056 in
1261 1000 1355 1054 metro

238 1110 351 1170 Falisco
374 1107 472 1185 posuit
493 1104 687 1166 Terentianus
703 1107 824 1166 Maurus
843 1127 869 1165 v.
888 1107 964 1166 root
993 1113 1022 1166 et
1035 1115 1081 1166 ’ex
1101 1103 1270 1166 Terentiani
1291 1119 1355 1160 car·

189 1203 192 1206 ¹
235 1218 316 1275 mine
339 1214 447 1274 Marius
461 1210 626 1271 Victorinus
645 1231 673 1289 p.
691 1211 783 1279 2578,
807 1213 932 1282 (luendo
950 1217 1076 1288 [lapella
1097 1212 1253 1286 tarpeaim
1274 1211 1356 1281 iope,

232 1323 318 1381 'Vitis
339 1328 367 1380 et
388 1324 485 1379 ulmus
506 1321 551 1378 αα·
569 1319 657 1377 simul
674 1325 758 1377 eant:
790 1319 866 1378 Nem
884 1323 946 1378 misi
965 1323 1025 1379 11111
1037 1321 1166 1394 peribus
1183 1314 1355 1388 fruticibus,

247 1428 355 1485 Vmbro
374 1430 461 1484 necet
481 1429 599 1482 teneros
621 1425 769 1484 Amineas.
814 1443 871 1502 qua
893 1443 942 1493 re,
965 1424 989 1483 si
1011 1424 1129 1503 quidem
1152 1422 1255 1482 Sereni
1277 1427 1356 1479 aetas

238 1537 318 1590 recte
341 1530 376 1590 ad
395 1530 513 1589 tertium
534 1535 600 1605 post
616 1527 763 1589 Christum
779 1537 879 1590 natum
897 1529 1047 1589 saeculum
1064 1528 1202 1596 retertur,
1224 1528 1355 1604 sequitur

237 1636 350 1704 Iubam,
375 1637 457 1696 cuius
480 1635 572 1694 lihros
589 1636 667 1694 circa
684 1654 795 1696 annum
809 1637 989 1696 tricesimum
1004 1635 1279 1714 quinquagesimum
1295 1632 1355 1692 hla-

238 1744 299 1802 rius
320 1742 486 1802 Victorinus
516 1743 665 1810 tractavit,
693 1741 738 1801 vel
767 1749 898 1802 extremo
926 1742 1041 1802 saeculo
1071 1742 1156 1801 tertio
1178 1739 1224 1800 vel
1252 1745 1356 1816 quarto

238 1847 358 1907 ineunte
386 1848 499 1908 vixisse.
525 1856 678 1914 „ceterum
707 1865 810 1906 versus
835 1847 925 1908 luhae
953 1849 982 1906 in
1011 1846 1094 1906 libris
1118 1846 1261 1905 Prisciani
1290 1863 1355 1904 cor·

238 1954 318 2030 rupti
338 1959 424 2021 sunt,
447 1955 485 2012 ita
509 1955 570 2014 lere
592 1960 735 2030 utsupra
758 1951 892 2020 exhibui,
922 1953 977 2010 nisi
999 1952 1077 2029 quod
1096 1953 1125 2010 in
1147 1953 1243 2028 primo
1261 1958 1291 2010 61
1311 1968 1357 2010 sc·
1414 1935 1417 1938 ⁴
1443 1937 1450 1947 ’

239 2058 335 2117 cundo
355 2057 467 2118 hahent
486 2062 603 2120 iuoehr's
624 2065 820 2139 anteponere
842 2059 1004 2118 decernere
1024 2061 1119 2116 solute
1142 2057 1281 2135 (resolute
1295 2056 1355 2115 Pa-

238 2165 372 2239 11611166),
401 2165 431 2224 111
457 2169 544 2225 161116
572 2184 633 2242 rape
659 2183 714 2242 pro
741 2166 845 2240 Npsr'e.
891 2183 988 2242 neque
1016 2170 1098 2223 certo
1129 2167 1242 2222 constat
1269 2179 1357 2240 quem

239 2273 275 2332 ad
298 2272 418 2332 modum
441 2271 478 2332 ab
500 2278 621 2332 auctore
643 2272 744 2348 scripti
766 2272 839 2339 sint,
869 2277 1030 2347 propterea
1051 2269 1130 2347 quod
1151 2271 1300 2328 nescimus
1328 2269 1357 2326 in

240 2397 298 2457 elue
318 2384 413 2439 metro
430 2396 481 2439 eos
496 2381 635 2457 posuerit.
673 2377 725 2438 sed
748 2394 815 2436 cum
838 2375 994 2436 trochaeos
1016 2381 1066 2435 aut
1085 2392 1140 2452 pro
1155 2374 1294 2451 spondeis
1309 2379 1359 2433 aut

238 2502 293 2562 pro
317 2483 437 2561 dactylis
455 2488 565 2562 positus
589 2504 652 2546 esse
676 2472 765 2552 dicat,
787 2500 883 2559 eoque
905 2483 1072 2541 testimonio
1093 2483 1132 2542 ita
1157 2488 1255 2541 utatur
1278 2464 1357 2541 l’ris·

239 2593 350 2659 cianus
374 2598 405 2650 ut
420 2591 539 2651 Latinos
559 2574 687 2650 comicos
706 2592 736 2650 in
750 2588 908 2648 trochaicis
922 2589 982 2647 suis
997 2586 1082 2647 simili
1099 2587 1270 2647 contusione
1289 2604 1360 2646 usos
1411 2639 1415 2646 .

240 2696 369 2775 dactylos
391 2696 436 2757 vel
458 2697 603 2775 spondeos
626 2714 680 2773 pro
705 2696 852 2756 trochaeis
872 2696 1005 2772 posuisse
1028 2694 1194 2763 contendat,
1215 2695 1357 2772 sequitur,

239 2802 263 2859 si
292 2802 379 2859 modo
409 2801 587 2859 Priscianus·
601 2801 677 2861 hene
706 2799 847 2860 intellexit
872 2818 947 2876 quae
974 2800 1022 2859 1116
1050 2801 1221 2877 scripserat,
1255 2800 1358 2859 luham

240 2906 398 2985 dactylicos
419 2923 529 2973 versus
553 2900 659 2983 ¹quihus
684 2906 783 2964 vitiose
807 2906 920 2963 inmixti
936 2912 1033 2965 essent
1055 2906 1195 2973 trochaei,
1215 2907 1356 2982 posuisse.

240 3032 295 3090 qua
311 3014 478 3103 cpnieetura
492 3012 614 3089 probata
639 3011 801 3072 hexametri
821 3026 922 3070 versus
943 3012 1035 3071 semel
1048 3013 1078 3070 in
1093 3010 1214 3086 singulis
1225 3011 1358 3071 versibus

239 3118 379 3177 trochaeo
400 3120 495 3195 posito
516 3121 559 3179 sic
580 3120 694 3179 restitui
709 3123 858 3193 poterunt,
881 3117 916 3175 Se'
929 3134 990 3191 que
1005 3120 1131 3191 flupelle
1145 3118 1270 3190 tuendis,
1290 3124 1359 3176 ente

237 3232 346 3299 pariere
367 3226 458 3297 decet,
480 3242 517 3283 ne
537 3227 590 3284 Ire
611 3230 705 3284 solete
727 3228 816 3284 retiret
835 3224 932 3284 redeo
950 3226 1038 3283 salmis
1058 3225 1190 3299 eternis,
1210 3223 1249 3281 Et
1264 3240 1359 3297 prere

241 3332 398 3390 discidium
420 3343 529 3405 queant
551 3332 741 3407 aaren'ysre
760 3350 847 3391 rere.

324 3436 434 3497 Eodem
469 3436 530 3497 1616
563 3444 697 3514 tempore
725 3456 783 3515 quo
813 3438 979 3499 Priscianus
1007 3432 1051 3492 vel
1083 3450 1143 3491 non
1171 3432 1263 3493 multo
1292 3441 1358 3494 61116

239 3543 329 3603 luhac
343 3542 435 3603 lihros
452 3545 602 3620 usurpavit
618 3541 750 3611 RutinuS,
773 3546 824 3622 qui
843 3545 920 3603 inter
934 3540 1099 3601 testimonia
1116 3546 1246 3598 veterum
1260 3557 1357 3615 gram·

239 3652 423 3716 maticorum,
449 3650 499 3727 qui
523 3666 624 3708 versus
645 3667 709 3709 esse
727 3652 755 3709 in
777 3650 885 3710 sahulis
900 3647 994 3708 Plauti
1016 3652 1045 3705 et
1061 3644 1191 3705 Terentii
1211 3644 1356 3711 dixerunt,

239 3758 371 3817 haec‘ex
393 3756 483 3816 lubae
505 3754 581 3813 lihro
602 3761 707 3831 quarto
727 3756 882 3833 descripsit
903 3772 932 3832 p.
955 3754 1033 3812 2711
1057 3771 1112 3829 sq,
1134 3749 1211 3808 Iube
1230 3750 1261 3805 m
1282 3748 1358 3807 lihro

239 3872 344 3939 quarto
364 3866 408 3923 sa'e
429 3862 527 3932 dicit,
539 3860 743 3919 ε1661116611116
765 3865 864 3936 traque
879 3864 1020 3935 exempla
1039 3876 1117 3933 paee
1133 3857 1264 3913 maxime
1283 3854 1357 3925 sre-

213 3976 379 4043 'quentete
401 3976 469 4029 sunt
489 3967 618 4043 subdidi,
692 3952 694 3955 ¹
1117 3957 1119 3961 ’

342 4108 347 4115 -
391 4069 495 4153 πάτερ
517 4067 695 4151 Λυααμβα,
716 4078 815 4131 ποῖον
838 4066 975 4149 dmentem
997 4064 1091 4142 eodm

391 4172 529 4250 Δαναὸς
548 4172 566 4237 ὁ
588 4173 796 4256 πεντήκοντα
815 4171 1016 4255 θυγατέρων
1037 4158 1156 4256 πατήρ,

392 4281 502 4363 ξανθῇ
523 4282 648 4363 παλαιῇ
666 4278 745 4364 γρηὶ
767 4282 932 4361 πολλῇσιν
953 4279 1048 4359 φίλῃ,

1110 4378 1151 4439 2*
