3234 4850
771 316 810 374 17

227 506 271 556 est
289 498 533 570 semiquinarlam
548 501 578 553 et
590 497 872 570 semisepleoare‘am.
907 495 966 556 erit
978 500 1076 553 auam
1087 494 1253 568 probabilis
1267 497 1347 553 iam-

193 609 199 620 '
228 605 310 662 bicos
332 619 434 661 versos
457 608 486 660 ot
507 601 667 674 tropoediis
689 611 785 678 aptas,
803 607 831 662 se'
850 604 1058 663 secunduma
1079 609 1218 674 poariam
1239 603 1347 675 pedem

145 771 146 776 ,
229 727 287 768 aon
309 713 384 768 alios
399 707 512 780 seceris
529 722 617 780 qoam
638 709 748 768 iambos
770 716 824 766 aaa
843 725 909 766 eam
926 711 979 782 aab
993 711 1164 782 appellator
1178 709 1348 766 tribrachus

229 823 283 874 aab
302 820 491 890 anapaestus,
514 814 651 886 quoniam
667 821 735 872 saal
753 831 863 888 pares·
885 807 1090 890 κακόμετρος
1105 820 1217 890 autem,
1239 815 1267 872 se'
1285 817 1347 873 oli·-

228 927 282 980 ter.
320 922 389 977 nam
414 923 530 993 primos
550 928 579 979 el
599 921 701 978 tercias
721 926 750 978 et
775 921 893 994 palatas
913 921 1071 978 admittant
1091 920 1170 978 boae
1189 926 1347 993 permota-

228 1029 337 1084 a‘oaom
353 1027 442 1099 pedis
461 1029 620 1086 licenciam.
658 1041 752 1084 causo
771 1025 897 1084 obseura
919 1029 1017 1084 moltis
1037 1032 1093 1097 est,
1115 1026 1169 1083 sea
1188 1027 1347 1099 operiatur
1389 1057 1393 1078 ι

228 1149 247 1188 o
260 1131 350 1190 nobis,
379 1147 450 1190 ream
465 1135 603 1206 quoniam
625 1139 670 1190 ter
687 1129 801 1210 [eretur
813 1132 862 1190 blo
874 1148 984 1203 versos,
1006 1147 1125 1190 neeesse
1142 1139 1193 1202 est,
1215 1132 1345 1191 obicum·

228 1254 285 1310 que
300 1238 338 1295 ob
356 1239 415 1296 leto
431 1241 632 1312 percussionis
646 1246 740 1305 osseca,
765 1253 879 1296 oboram
891 1240 1029 1312 ternpore's
1045 1238 1156 1296 adiecti
1167 1253 1226 1295 noa
1241 1237 1347 1309 refor—

228 1345 326 1402 midet.
360 1347 505 1418 inprime
525 1355 622 1404 aretem
636 1346 716 1419 pede
737 1354 765 1403 et
784 1348 868 1404 terlio
889 1347 994 1419 laepia
1006 1351 1034 1403 et
1054 1345 1085 1401 in
1103 1347 1212 1421 quinto,
1233 1344 1347 1416 ferebar

228 1451 258 1506 ia
279 1450 409 1508 seeundo
426 1455 455 1506 eb
474 1458 581 1522 quarto
599 1460 627 1509 el
644 1453 750 1510 sealo'.
789 1451 909 1514 albode
930 1451 1038 1510 labora
1060 1467 1175 1525 amque
1196 1452 1274 1510 seire
1295 1453 1346 1509 ia-

155 1535 157 1538 ’
227 1556 323 1612 oeolrr'
344 1555 487 1627 quosaam
516 1557 639 1628 iambos,
660 1559 703 1616 ‘ia
730 1557 835 1630 quibas
860 1557 1008 1616 secundos
1033 1564 1062 1615 et
1088 1564 1213 1630 quartos
1237 1555 1347 1630 absque

227 1661 427 1719 observatione
445 1665 581 1736 ponitur,
607 1677 680 1736 quos
706 1656 933 1741 κακομέτρους
954 1669 1048 1721 oooal.
1093 1664 1171 1721 idem
1191 1666 1223 1722 ia
1246 1670 1347 1723 octavo

229 1769 294 1840 ‘poe'
312 1783 383 1840 erpo
405 1767 608 1839 confoderant
626 1776 654 1827 et
675 1767 895 1840 multiformiter
914 1746 1148 1842 oone'apaoeroat
1168 1769 1224 1827 boe
1250 1784 1347 1842 peaes

229 1889 373 1950 versuum,
395 1875 527 1933 omnibus
542 1877 573 1934 be
594 1878 665 1935 loeis
680 1875 888 1946 indifferenter
903 1875 1056 1934 trochaeos
1070 1881 1124 1932 aot
1134 1891 1196 1949 pro
1208 1875 1347 1949 spondeis

172 2007 183 2026 ι
229 1987 281 2036 aaa
295 1996 355 2053 pro
383 1981 508 2055 dactylis
533 1989 709 2055 posuerant,
748 1989 776 2040 et
795 1989 839 2040 est
859 1983 935 2041 baec
967 1997 1080 2054 qaoque
1108 1981 1211 2040 oia'oso
1233 1981 1345 2052 eonfo-
1386 1972 1390 1976 ”

227 2101 284 2157 seo,
307 2093 339 2144 al
429 2173 456 2230 st
473 2188 532 2244 qua
547 2175 672 2245 flamna
686 2175 812 2257 imam,
833 2180 902 2232 ame
917 2171 1139 2247 permoleret,

430 2295 467 2336 ae
488 2280 615 2338 resolata
636 2285 665 2337 el
684 2280 775 2338 oidua
793 2282 880 2338 almis
899 2288 929 2339 et
947 2279 1029 2337 ornes

430 2385 500 2458 opo·
519 2385 675 2445 discidium
698 2387 774 2446 aare
795 2386 888 2461 Nysia
909 2401 985 2444 rora
1009 2384 1136 2463 qaeaob'

134 2501 137 2508 ¹
227 2514 414 2582 Asmonium,
444 2531 531 2591 quom
560 2516 655 2589 primo
677 2513 742 2573 loeo
766 2516 863 2591 posuit
884 2515 1064 2581 Priscianus
1096 2516 1188 2570 artem
1213 2508 1249 2569 ad
1269 2507 1345 2568 Con·

227 2620 365 2680 stantium
392 2619 600 2696 imperatorem
628 2620 779 2697 scripsisse
808 2622 916 2686 seimus
943 2619 1047 2679 eodem
1075 2623 1196 2675 arretoro
1220 2632 1249 2691 p.
1272 2612 1344 2682 890,

228 2743 323 2805 noque
358 2727 512 2803 quisquam
544 2732 697 2801 praeterea
730 2728 792 2786 eius
824 2731 1003 2788 mentionem
1036 2725 1113 2785 feeit.
1160 2722 1196 2780 de
1224 2721 1343 2780 nomine

229 2829 364 2888 ‹lobilans
386 2826 559 2888 Leutsehius
580 2830 616 2889 de
637 2839 699 2891 arlo
722 2834 844 2891 metrica
866 2848 894 2909 p.
918 2833 952 2891 21
983 2832 1109 2892 aolidem
1131 2845 1197 2887 esse
1219 2828 1343 2886 coniecit

228 2934 306 2993 lmnc
327 2939 413 3011 atque
432 2932 632 2994 Memnonium
652 2954 667 2995 a
684 2934 822 3013 Maayrio
843 2939 920 3014 apml
938 2937 1144 2996 Cassioslorum
1159 2934 1196 2993 de
1211 2932 1343 3008 orthogr.

228 3058 257 3119 p.
274 3039 356 3101 2299
379 3046 583 3110 memoratum,
607 3041 643 3100 de
667 3061 724 3120 quo
747 3060 807 3101 non
829 3045 922 3120 magis
944 3050 1065 3103 constat.
1099 3059 1133 3101 ea
1156 3048 1252 3100 autem
1268 3056 1344 3117 quam

228 3147 264 3206 de
287 3146 358 3207 Iuba
378 3148 454 3207 dicta
475 3154 543 3209 sunt
571 3148 609 3208 ita
630 3147 697 3207 olim
726 3147 915 3224 legebantur,
944 3157 976 3209 m
999 3149 1071 3209 haee
1093 3165 1210 3226 quoque
1233 3146 1269 3207 ad
1291 3147 1343 3205 As·

174 3326 180 3342 ⁸
227 3254 373 3322 monium,
398 3254 448 3331 qui
469 3251 546 3311 illius
565 3255 767 3314 auctoritatem
790 3262 908 3315 secutus
930 3261 1022 3323 esset,
1046 3254 1243 3322 referrentur,
1266 3254 1344 3313 Iabo

226 3360 292 3419 ideo
319 3362 350 3418 ia
377 3361 507 3421 secondo
533 3368 561 3419 el
587 3369 694 3435 qaarlo
714 3369 743 3421 et
763 3370 846 3421 sexto
866 3366 929 3422 loeo
951 3362 1061 3420 lambos
1081 3378 1139 3420 noa
1161 3363 1267 3436 recipie
1287 3364 1345 3420 alsi

226 3482 245 3524 a
268 3466 350 3527 breoe‘
374 3468 554 3539 incipientes.
599 3473 628 3527 el
655 3485 725 3527 sane
753 3468 782 3526 in
805 3467 887 3527 libris
910 3486 998 3527 manu
1019 3468 1136 3545 seriptis
1156 3474 1200 3527 est
1221 3467 1370 3543 iamboss

227 3586 284 3628 non
313 3572 433 3631 iambos.
480 3572 531 3631 soil
557 3572 626 3650 quid
655 3572 710 3633 sihi
737 3573 825 3633 velint
853 3573 942 3632 iambi
963 3592 980 3633 a
1001 3572 1091 3634 brevi·
1108 3574 1279 3651 incipientes
1298 3573 1341 3632 vel

227 3678 276 3755 qui
296 3677 353 3735 sim
382 3676 470 3738 iambi
490 3680 539 3757 qui
560 3678 679 3740 abrevi
700 3677 810 3757 syllaba
832 3697 891 3738 non
919 3680 1058 3756 incipiant
1080 3679 1208 3757 intellegi
1230 3681 1340 3757 nequit,

227 3785 281 3843 nisi
303 3786 368 3863 quis
397 3783 510 3844 iambos
529 3784 621 3843 dictos
644 3802 707 3844 osso
726 3791 808 3862 palm
828 3787 919 3863 [redes
940 3782 1006 3844 loeo
1028 3785 1116 3845 iambi
1139 3786 1271 3862 positos·
1292 3784 1342 3862 qui

228 3896 325 3949 tauron
352 3910 407 3951 nee
433 3889 501 3950 dieti
523 3908 706 3967 equaquam
735 3898 803 3950 sunl
827 3890 917 3951 iambi
937 3910 993 3951 nee
1015 3893 1071 3952 diei
1101 3897 1267 3969 potuerunt.
1304 3906 1342 3948 ne

227 3992 297 4053 illud
320 3996 437 4072 quidem
458 3996 527 4055 salis
548 4002 629 4055 reete
653 3996 773 4064 dieitur,
799 4000 1022 4072 grammaticum
1042 3997 1132 4074 pedes
1153 3997 1182 4054 in
1203 3994 1268 4054 loeo
1290 3992 1341 4053 ali·

227 4117 285 4177 quo
306 4117 408 4159 vorsus
429 4103 571 4178 resipere.
602 4103 699 4179 itaque
726 4103 840 4161 iambus
859 4103 964 4178 scripsi
991 4103 1167 4162 nominativo
1196 4117 1281 4168 casu,
1309 4106 1342 4158 ut

226 4222 328 4265 versus
355 4204 496 4265 iambicus
524 4209 655 4267 trimeter
683 4207 813 4266 seeundo
842 4214 871 4266 ei
892 4213 996 4285 quarto
1025 4213 1055 4266 et
1081 4212 1163 4266 sexto
1190 4204 1256 4263 loeo
1282 4221 1341 4262 non

226 4312 359 4389 resipere
392 4314 447 4371 nisi
478 4312 568 4403 peiles
597 4332 613 4372 a
640 4312 723 4373 brevi
750 4312 859 4391 syllaba
886 4314 1056 4389 inalpienles
1084 4312 1206 4370 dicatur.
1253 4309 1341 4367 lubae

1113 4422 1139 4470 ‘2
