3234 4850
770 319 774 330 '
807 340 826 398 a

741 422 888 430 ..ψη-

163 500 166 509 '¹
259 513 374 588 δανιος
398 513 503 598 ἐντῷ
525 511 601 596 περὶ
620 519 781 598 σταθμῶν
795 498 912 597 χιλίαν
934 483 1064 594 ὀβόλον
1081 511 1169 592 λέγει
1191 508 1295 573 παλαι
1316 531 1373 591 με·

170 625 174 632 *
259 619 379 682 νίσθα(
408 617 446 682 τδ
475 621 681 703 μιλιαρίσιου
704 620 760 684 καί
789 617 856 683 ἀπὸ
881 622 939 702 τῆς
964 616 1113 699 χιλιάδος
1143 619 1212 680 τῶν
1242 613 1374 698 ὀβόλων
1483 655 1487 664 ·

159 783 161 788 ,
233 724 363 800 ὀὕτως
386 724 630 808 ὀνομασθῆναι.
677 747 711 788 ex
734 728 849 808 -quibus
873 728 969 789 verbis
995 747 1062 788 curn
1085 734 1169 788 autea
1191 726 1373 804 collegissem
1448 707 1455 717 ’

259 841 365 914 quarto
387 835 505 896 saeculo
528 843 595 912 post
614 835 762 896 Christum
785 841 887 896 natum
908 851 968 893 uon
1000 837 1184 912 superiorem
1207 852 1271 893 esse
1292 832 1373 892 illum

259 943 444 1019 scriptorem,
468 943 492 1000 si
508 941 625 1019 quidem
647 949 715 1002 ante
737 937 801 1002 eam
817 946 942 1001 aetatem
964 941 1139 1002 miliare-usis
1161 939 1372 1000 momorianou

259 1057 348 1124 extat,
371 1050 451 1108 nunc
464 1035 546 1108 video
560 1049 668 1108 certius
684 1049 771 1108 etiam
790 1053 913 1126 propter
935 1048 1060 1108 eandem
1082 1065 1200 1108 causam
1217 1065 1234 1105 a
1249 1045 1373 1105 Momm·

167 1209 168 1214 ,
258 1154 340 1214 66616
359 1162 440 1214 nunt:
460 1157 559 1215 666161.
579 1154 664 1215 litter.
682 1156 788 1215 Saxon.
811 1173 837 1212 a,
858 1151 934 1212 1851
960 1173 989 1231 p.
1012 1154 1073 1215 279
1092 1154 1168 1215 conl.
1191 1170 1219 1229 p,
1242 1151 1303 1210 274
1321 1167 1372 1209 an·

258 1281 329 1324 num
353 1259 466 1322 deliniri
480 1262 660 1321 tricesimum
673 1262 897 1339 sexagesimum,
922 1267 989 1338 post
1001 1279 1089 1339 quem
1108 1260 1156 1319 illa
1174 1260 1281 1334 scripta
1304 1257 1371 1315 siut.

258 1368 427 1428 Dardanum
450 1373 563 1432 autern,
587 1367 719 1444 quamvis
740 1385 799 1426 non
822 1365 916 1426 multo
937 1369 1084 1454 antiquior
1105 1368 1192 1426 irrerit
1210 1365 1372 1432 Prisciano‚

257 1461 354 1535 tamon
388 1474 476 1533 bonis
503 1477 532 1532 61
553 1473 678 1550 antiquis
701 1472 872 1532 auctoribus
896 1490 983 1533 usum
1012 1491 1076 1533 esse
1101 1472 1256 1552 inprimis
1288 1470 1375 1528 docet

259 1581 411 1659 praeclara
434 1577 480 1638 illa
498 1577 599 1638 talenti
610 1578 695 1636 Attici
718 1580 818 1654 magni
840 1580 970 1640 delinitio
992 1599 1020 1658 p.
1045 1579 1136 1648 1348,
1161 1580 1196 1639 de
1222 1594 1279 1654 qua
1303 1575 1374 1634 dixit

258 1687 425 1748 Doeokhius
451 1689 562 1763 quaest.
592 1684 706 1744 metrol.
735 1701 764 1760 p.
796 1685 865 1744 115.
911 1706 946 1746 ex
975 1687 1063 1748 huius
1084 1688 1172 1763 igitur
1193 1682 1269 1745 libro
1296 1677 1373 1760 napi

259 1793 421 1873 σταθμῶν
439 1792 605 1852 Priscianus
627 1806 694 1848 curn
728 1789 783 1850 alia
811 1810 886 1869 quae
910 1793 946 1853 de
974 1792 1157 1872 ponderibus
1186 1797 1215 1849 61
1246 1791 1373 1849 nummis

259 1905 440 1964 Graecorum
469 1911 632 1972 eorumque
660 1913 727 1954 curn
756 1896 897 1958 Romanis
929 1897 1116 1958 similitudine
1152 1896 1281 1972 disputat
1309 1900 1372 1956 turn

259 2008 330 2068 llaec
353 2006 467 2085 Didymi
489 2002 579 2063 verba
608 2006 756 2080 recepisse
778 2006 902 2065 videtur.
946 2004 1036 2063 immo
1064 2020 1101 2062 ne
1131 1994 1227 2062 omnib
1248 2002 1372 2089 *quidem

259 2132 333 2193 quaa
360 2115 473 2175 Graece
501 2109 618 2186 scripsit
647 2105 761 2184 Didymi
791 2125 856 2192 essa
886 2110 986 2170 oredo.
1030 2127 1098 2170 nam
1137 2109 1216 2188 quod
1253 2111 1295 2174 in¹
1315 2109 1373 2167 fine

258 2223 400 2298 scriptum
424 2224 477 2286 est,
501 2209 691 2296 σημόδιουμ
714 2214 823 2300 dictum
847 2234 911 2290 6666
930 2234 985 2294 pro
1003 2208 1170 2294 ἡμόδιουμ
1192 2207 1373 2294 661ἡμιμό-

258 2323 418 2403 δ(ουμ,“.1(1
443 2331 471 2384 61
494 2341 547 2400 por
569 2340 601 2382 66
621 2323 753 2397 ineptum
772 2326 817 2381 est
839 2330 868 2382 61
888 2331 999 2400 pugnat
1018 2342 1085 2383 cum
1101 2323 1254 2401 superiore
1271 2321 1373 2381 (161161-

258 2434 345 2499 11666,
369 2430 429 2490 τοῦ
451 2426 514 2509 μὲν
529 2440 570 2509 on
592 2421 630 2489 τδ
647 2421 751 2507 ἥμισυ
773 2426 968 2509 δηλοῦντος,
992 2418 1037 2500 ὥς
1052 2425 1090 2489 ἐν
1110 2428 1157 2511 τῷ
1171 2424 1369 2508 σημόδτουμ.
1458 2512 1460 2517 Ι

258 2538 371 2599 accedit
393 2537 471 2616 quod
494 2555 528 2596 66
551 2554 626 2615 quac
648 2541 715 2612 post
736 2536 956 2613 grammaticam
978 2530 1264 2613 disputationemdo
1286 2555 1371 2596 nurn-

179 2676 181 2683 ,
258 2646 313 2704 mis
341 2645 542 2705 Romanorum
568 2643 699 2719 exposita
726 2650 795 2702 sunt
824 2661 883 2702 non
911 2650 972 2703 tam
1001 2643 1137 2721 Didymo,
1172 2646 1255 2704 cuius
1282 2662 1371 2722 opera

259 2748 353 2808 omnis
375 2752 405 2809 in
429 2750 619 2827 grammatico
640 2764 750 2823 genere
771 2750 959 2820 versabatur,
989 2769 1077 2829 quam
1100 2750 1236 2809 Dardano
1266 2767 1372 2810 conve·

260 2856 350 2914 niunt,
379 2856 477 2931 itaque
494 2862 624 2915 extrema
639 2854 728 2913 verba
744 2851 783 2914 τί(
799 2852 837 2915 δὲ
851 2852 1001 2936 χίλια-
1017 2852 1257 2930 πλεονάζοντος
1274 2857 1337 2917 τοῦ
1353 2871 1374 2917 o

208 2964 212 2968 ’
258 2960 295 3021 ab
318 2962 382 3039 ipso
405 2960 541 3021 Dardano
562 2961 690 3028 adiecta,
714 2961 897 3024 aPrisclano
919 2983 999 3032 vero,
1023 2970 1172 3041 tamquam
1195 2964 1308 3043 Didymi
1327 2983 1372 3024 66-

175 3058 196 3147 ,¹
258 3048 337 3137 sent,
364 3086 431 3128 cum
462 3068 664 3145 superioribus
687 3070 842 3129 coniuncta
863 3089 927 3131 osse
950 3071 1093 3132 videntur.
1139 3070 1225 3130 simili
1247 3089 1372 3150 prorsus
1436 3122 1439 3125 .

257 3178 371 3237 ratione
394 3193 465 3235 usus
488 3158 654 3235 Priscianus
669 3188 770 3252 ‘supra
790 3192 819 3253 p.
843 3178 1001 3238 1347666
1023 3195 1091 3236 cnm
1112 3176 1253 3237 Herodoti
1275 3178 1373 3238 verbis

258 3302 273 3342 a
296 3284 409 3344 Graeco
432 3283 623 3360 grammatico
648 3283 741 3341 citatis
756 3300 788 3342 ea
811 3301 928 3361 quoque
944 3299 1019 3361 quac
1033 3282 1082 3343 illc
1101 3284 1265 3364 explicandi
1284 3303 1371 3345 causa

258 3390 409 3450 addiderat
442 3391 584 3469 repetivit.
630 3395 717 3466 atque
748 3388 826 3449 haud
856 3390 918 3447 scio
946 3407 982 3447 an
1012 3388 1208 3475 illa‚quoque
1236 3391 1372 3451 Dardano

258 3494 415 3557 tribuenda
443 3503 471 3557 et
494 3495 530 3555 ab
561 3514 595 3555 66
620 3502 686 3555 ante
709 3496 788 3556 hunc
811 3495 924 3564 locum,
960 3497 989 3554 in
1017 3514 1076 3575 quo
1105 3514 1184 3557 nunc
1210 3516 1371 3568 versamur,

239 3602 242 3607 '
257 3604 365 3681 scripta
387 3606 452 3662 sint.
491 3620 558 3661 uam
574 3602 687 3682 Didymi
704 3622 776 3672 6666,
797 3611 830 3663 ut
848 3601 933 3677 vulgo
952 3602 1091 3673 creditur,
1107 3606 1202 3665 minus
1218 3604 1372 3681 probabile

166 3728 170 3735 ¹
258 3717 311 3777 cst,
335 3710 472 3789 quoniam
502 3709 603 3769 eadem
629 3701 890 3771 llerodon'vorha
921 3708 978 3767 hoc
1005 3711 1068 3787 ipso
1094 3710 1160 3769 loco
1187 3711 1305 3771 lnovius
1334 3712 1371 3771 ab

258 3834 293 3874 66
320 3816 445 3876 indicata
469 3814 545 3875 sunt.
591 3816 659 3875 hinc
682 3816 764 3875 video
793 3813 967 3892 corrigenda
991 3832 1055 3874 esse
1077 3834 1152 3892 quae
1172 3817 1240 3876 olim
1260 3817 1296 3877 dc
1316 3817 1372 3876 illis
1453 3829 1457 3836 ·

219 3922 223 3929 ’
257 3921 354 3980 verbis
375 3921 517 3981 adnotavi.
632 3902 635 3909 ⁶

343 4027 433 4088 Venio
450 4031 506 4088 iarn
529 4026 564 4087 ad
581 4027 742 4106 Didymum.
779 4026 888 4103 dequo
909 4032 1025 4087 nonest
1041 4044 1093 4085 cur
1113 4027 1142 4084 in
1161 4028 1370 4089 dnbitationem

258 4140 379 4194 vocetur
399 4136 467 4195 salis
492 4141 606 4195 certum
628 4135 735 4194 Suidae
758 4134 966 4201 testimonium,
996 4130 1148 4210 Δίδυμος
1170 4126 1372 4206 δΚλαύδιος

258 4238 468 4317 χρηματίσας,
492 4235 736 4319 γραμματικός·
762 4234 838 4319 περὶ
853 4238 921 4299 cciv
931 4231 1174 4318 ἡμαρτημένων
1197 4234 1288 4320 παρὰ
1309 4234 1372 4319 τὴν
1434 4224 1458 4257 ”

258 4338 442 4422 ἀναλογίαν
466 4342 678 4425 Θουκυδίδῃ,
699 4339 775 4425 περὶ
797 4344 855 4424 τῆς
875 4340 965 4425 παρὰ
983 4339 1156 4424 Ῥωμαίοις
1178 4339 1369 4425 ἀναλογίας,
