3234 4850
799 259 840 320 2⁶2

260 441 469 515 grammaticus
490 441 580 500 utitur
606 442 761 501 nonnulla
786 443 982 510 inveniuntur,
1006 460 1081 520 quae
1104 448 1136 501 ut
1155 440 1247 502 aliena
1270 450 1338 524 sunt
1360 464 1375 504 a

259 547 355 622 prisca
388 548 613 618 consuetudine,
642 550 687 608 ita.
702 548 874 626 pervulgata
892 567 908 607 a
929 548 1143 627 posterioribus
1173 548 1375 627 scriptoribus,

260 670 296 710 ex
312 670 369 729 qno
390 631 499 729 genere
521 660 564 713 est
580 656 780 716 coniunctivus
802 658 965 733 praesentis
987 655 1032 715 vel
1052 655 1222 714 indicativus
1238 655 1328 714 lnturi
1347 656 1377 714 in

260 757 509 819 condicionalibus
528 761 682 820 enuntiatis
702 781 777 838 quae
796 763 934 822 dicuntur
955 763 1067 840 positus
1089 767 1118 820 et
1138 763 1267 835 intelleqi
1286 762 1377 822 datur

259 880 313 939 pro
342 867 522 938 intelleer'tur
550 865 669 926 dictum.
717 868 822 928 deinde
851 886 954 929 versus
977 868 1085 935 Latini,
1114 885 1189 945 qcxos
1214 867 1286 927 leba
1308 886 1376 928 eum

239 971 379 1031 'Graecis
403 969 543 1048 exemplis
572 971 607 1030 ab
631 971 804 1041 Heliodoro,
837 981 870 1034 ut
897 975 1028 1041 videtur,
1060 974 1187 1050 receptis
1212 976 1375 1050 conposuit,

261 1077 381 1136 artilicia
404 1079 549 1154 quaedam
571 1080 997 1164 numerorumverborumque
1014 1096 1132 1157 praese
1150 1079 1257 1148 lerunt,
1280 1079 1376 1158 qualia

259 1181 370 1241 Sereno
392 1184 513 1260 eiusque
535 1183 705 1262 aequalibus
726 1185 871 1262 placuisse
892 1189 1016 1255 seimus
1037 1185 1073 1246 ab
1096 1185 1283 1261 antiquorum
1301 1180 1376 1244 ‘vero

258 1295 412 1364 poetarum
438 1277 500 1350 arte
527 1307 650 1366 prorsus
681 1289 774 1350 aliena
797 1303 874 1353 snm.
919 1293 1016 1370 itaque
1044 1291 1089 1350 bis
1111 1308 1229 1368 quoque
1248 1291 1285 1350 ad
1306 1309 1376 1351 ean·

259 1397 325 1457 dem
347 1393 471 1456 aetatem
492 1412 680 1465 revocamur,
711 1414 799 1473 quam
818 1414 909 1473 supra
930 1396 1032 1456 iisdem
1055 1392 1182 1472 vestigiis
1204 1397 1285 1456 ducti
1307 1396 1376 1455 huie

258 1504 449 1579 grammatico
469 1502 679 1562 constituimus

342 1630 420 1690 Haec
447 1629 536 1689 habui
567 1628 602 1688 de
630 1635 769 1706 quattuor
792 1631 994 1704 grammaticis
1016 1649 1032 1689 a
1054 1630 1204 1689 Prisciano
1227 1630 1375 1706 usurpatis

258 1756 333 1815 quae
355 1714 498 1795 dicerem,
527 1742 627 1802 restat,
650 1736 723 1794 sicut
745 1737 930 1820 propositum
954 1742 1006 1806 est,
1023 1743 1056 1795 ut
1078 1753 1152 1814 quae
1174 1735 1374 1795 memorabilia

258 1859 322 1902 esse
343 1841 496 1900 videantur
516 1843 546 1900 in
570 1841 682 1900 codicis
696 1840 885 1916 Erlangensis
907 1846 1069 1921 scriptura,
1092 1844 1222 1920 exceptis
1243 1844 1279 1901 iis
1299 1861 1375 1920 quate

259 1967 347 2026 suipra
369 1946 496 2008 exhibita
515 1954 598 2014 suxit,
631 1948 732 2025 paucis
756 1948 933 2008 indicentur.
978 1969 1053 2028 quae
1075 1952 1113 2008 ita
1137 1949 1172 2008 ad
1195 1967 1290 2008 meam
1313 1950 1373 2010 edi·

255 2049 368 2115 ¹tionem
396 2053 630 2121 accommodavi,
655 2061 687 2112 ut
709 2053 737 2110 E
752 2051 848 2113 littera
872 2056 1003 2132 priorem
1025 2073 1160 2124 manum,
1184 2074 1201 2116 e
1223 2062 1320 2116 autem
1341 2077 1373 2117 ea

260 2179 335 2240 qnae
358 2178 374 2219 a
403 2164 571 2218 correctore
592 2157 723 2234 prolecta
747 2167 815 2219 sunt
836 2161 1043 2237 significarem,

340 2318 369 2370 p.
386 2303 447 2360 405,
471 2304 487 2356 2
511 2315 540 2353 ae
563 2298 635 2352 emm
658 2299 687 2352 E
770 2307 804 2359 18
827 2301 973 2357 alacriores
996 2301 1097 2357 radatis
1121 2304 1149 2357 E
1169 2303 1326 2361 alacriorem
1344 2313 1373 2361 ut

236 2407 361 2465 ‘cedatis
384 2423 413 2462 e:
438 2404 595 2463 alacriorem
618 2406 676 2477 ipse
698 2408 878 2488 coniecerant·
958 2427 1072 2483 quarum
1087 2410 1115 2464 E
1136 2405 1252 2484 quorum
1275 2428 1289 2467 e

256 2534 284 2587 p.
308 2522 373 2577 408,
397 2521 413 2572 2
435 2514 535 2569 dieitur
562 2544 596 2551 -
617 2486 807 2568 'senristertlns
831 2533 881 2569 om.
905 2516 939 2577 E,
963 2517 1026 2570 edd.
1051 2532 1078 2572 e:
1102 2519 1178 2591 quasi
1202 2525 1291 2573 eutem
1307 2526 1372 2590 post

258 2621 372 2683 dieitur,
403 2620 475 2691 quod
496 2634 556 2673 naeu
578 2620 737 2673 coniectura
759 2621 936 2684 addideram,
959 2623 1064 2677 eddidit
1085 2627 1168 2679 etiem
1190 2630 1329 2680 corrector

301 2730 335 2781 20
365 2723 443 2779 nxrcia
465 2725 606 2780 duodecim
629 2724 699 2779 libra
721 2726 749 2779 E
773 2725 844 2783 libra
873 2726 964 2783 italica
986 2729 1081 2784 unciae
1103 2730 1246 2787 duodecim
1273 2746 1288 2785 e

188 2858 190 2863 ·
258 2839 288 2890 21
315 2832 501 2907 septuagintae
525 2836 687 2909 quinqueE
708 2834 882 2907 septuaginta
896 2832 954 2887 lle
1045 2841 1079 2893 ’13
1101 2844 1129 2891 et
1151 2836 1245 2890 unciae
1269 2843 1372 2909 septem

259 2940 339 2994 semis
371 2941 463 2995 untiae
482 2942 520 2995 Ἐ
547 2948 574 2995 et
602 2941 696 2997 unciae
724 2939 767 2993 llll
800 2938 870 2995 libra
897 2939 941 2995 uel
971 2959 999 2995 as
1024 2958 1067 2995 un.
1091 2939 1134 2994 Xll
1162 2942 1249 2996 deunx
1272 2916 1373 2997 un'm

258 3040 361 3101 decunx
392 3063 436 3101 un.
460 3046 481 3101 X
511 3045 629 3101 dodrans
657 3063 702 3101 un,
726 3047 791 3103 Ullll
821 3048 908 3103 bessis
931 3064 976 3101 un.
1001 3046 1062 3101 Ulll.
1093 3054 1208 3119 septunx
1238 3065 1283 3103 un.
1307 3066 1371 3121 sep-

262 3162 313 3207 tem
338 3153 419 3207 semis
442 3153 534 3207 untiae
557 3167 572 3205 e
678 3159 712 3211 16
735 3160 843 3213 sextans
866 3153 958 3208 untlae
981 3153 1049 3208 duae
1073 3152 1165 3207 niniae
1188 3172 1305 3210 sexcunx
1329 3155 1372 3211 uel

258 3266 288 3312 ut
311 3258 355 3313 alii
379 3259 533 3314 sexcuntiae
556 3259 623 3315 duae
646 3267 738 3331 partes
761 3260 853 3315 nntiae
870 3260 897 3312 E
923 3266 1031 3314 sextans
1053 3259 1145 3314 nntiae
1161 3259 1224 3315 diro,
1253 3277 1370 3314 sexcunx

258 3362 300 3418 nel
324 3371 354 3418 ut
379 3362 423 3418 alii
447 3365 586 3420 sexcuntia
611 3373 666 3419 tres
688 3364 815 3419 dimidiae
837 3373 929 3438 partes
953 3366 1044 3420 untiae
1067 3380 1082 3417 e
1162 3381 1192 3434 p.
1209 3371 1268 3424 410,
1284 3371 1301 3420 4
1318 3364 1366 3448 'de-

259 3471 350 3526 narius
373 3470 460 3525 Lxxll
482 3473 510 3526 E
529 3472 633 3527 denarii
655 3470 742 3525 LXXU
764 3487 779 3525 e
889 3479 921 3530 13
943 3470 975 3525 ab
998 3487 1110 3525 numero
1133 3470 1161 3523 Ε
1181 3467 1213 3523 ab
1235 3485 1290 3523 uno
1314 3484 1328 3522 e

295 3594 326 3647 p.
343 3582 402 3637 414,
426 3583 459 3633 22
482 3576 606 3651 sescupla
629 3578 657 3631 Ε
676 3576 759 3651 tripla
781 3592 796 3631 e
877 3596 909 3648 p.
931 3582 991 3636 116,
1013 3581 1032 3633 8
1053 3562 1125 3630 enirn
1147 3591 1189 3628 om
1213 3574 1253 3633 Ε,
1276 3574 1371 3628 adde

343 3742 453 3819 Scripsi
476 3739 619 3819 Erlangae
642 3742 780 3801 Kalendis
802 3742 972 3801 Februariis
990 3760 1016 3800 a.
1035 3738 1217 3800 nuceum.

725 4028 910 4037 ——-—-——-
