3234 4850
342 1301 383 1387 In
407 1345 480 1386 nova
509 1327 634 1386 editione
666 1327 926 1402 grammaticorum
946 1325 1116 1384 Latinorum
1140 1343 1317 1403 quamquam
1349 1325 1378 1384 id

265 1432 391 1492 manime
417 1432 502 1499 nobis
530 1433 714 1510 propositum
741 1437 800 1499 est,
839 1437 872 1489 ut
899 1429 988 1490 verba
1017 1432 1211 1508 scriptorum,
1246 1450 1321 1509 quae
1348 1433 1378 1490 in

265 1536 482 1615 exemplaribus
505 1539 573 1599 otim
603 1539 743 1616 inpressis
764 1536 848 1596 valde
874 1543 1012 1612 corrupta
1041 1537 1193 1606 teruntur,
1222 1538 1258 1597 ad
1289 1538 1378 1598 tidem

203 1713 207 1725 Α
265 1644 444 1719 optimorum
475 1647 609 1706 codicum
637 1661 812 1704 revocemus
841 1647 870 1700 et
899 1630 1030 1720 eaquae
1058 1662 1161 1704 errore
1188 1643 1378 1704 librariorum

265 1749 420 1826 depravata
442 1760 510 1812 sunt
531 1753 729 1826 corrigamus,
748 1756 851 1806 tamen
868 1763 934 1806 cum
950 1748 1007 1808 hoc
1029 1751 1092 1828 ipso
1110 1751 1226 1826 negotio
1240 1751 1378 1810 coniunc-

265 1861 326 1914 tum
356 1835 399 1916 est
426 1857 517 1927 illud,
551 1865 583 1917 ut
612 1857 648 1916 de
670 1853 885 1932 antiquioribus
911 1856 1124 1932 scriptoribuS,
1160 1877 1175 1916 a
1205 1855 1312 1935 quibus
1338 1855 1379 1916 ilii

177 1967 180 1971 '
265 1979 347 2022 suam
375 1964 537 2025 doctrinam
568 1964 781 2042 repetiverunt,
811 1968 979 2039 quaeratur.
1025 1964 1132 2042 quibus
1158 1962 1379 2041 quaestionibus

265 2079 337 2128 naec
364 2070 473 2139 studia,
502 2071 630 2148 quaein
655 2075 784 2128 extrema
811 2067 880 2129 fere,
902 2075 994 2128 aetate
1017 2069 1186 2130 Latinarum
1214 2069 1378 2129 litterarum

264 2183 432 2245 versantur,
462 2178 599 2236 continuo
630 2174 756 2253 quodam
779 2180 808 2232 et
830 2176 997 2234 necessario
1019 2175 1135 2235 vinculo
1159 2193 1226 2262 cum
1247 2175 1378 2234 doctiore

265 2280 434 2357 antiquitate
453 2300 562 2342 conexa
583 2287 659 2340 sunt.
705 2286 818 2339 constat
841 2283 918 2340 eninr
940 2300 1067 2360 eaquae
1089 2281 1158 2341 oiim
1181 2281 1259 2341 docti
1281 2297 1378 2356 gram·

265 2385 363 2446 matici
385 2386 422 2447 de
445 2389 557 2449 ratione
573 2394 608 2449 ¹et
637 2385 848 2447 consuetudine
870 2386 963 2447 Latini
989 2389 1134 2449 sermonis
1161 2388 1380 2466 disputaverant
1434 2382 1437 2393 '

266 2492 302 2552 ab
334 2493 380 2553 his
408 2496 458 2573 qni
485 2500 587 2571 postea
615 2495 644 2553 in
671 2492 728 2552 hoc
757 2510 867 2570 genere
894 2493 1059 2554 litterarum
1087 2479 1314 2555 elaboraverunt
1338 2495 1378 2554 ita

265 2606 399 2678 suscepta
423 2618 500 2670 esse,
524 2608 572 2669 ut,
599 2600 668 2659 dum
690 2599 762 2659 alius
782 2598 870 2658 atium
892 2601 1026 2679 ¹sequitur
1049 2608 1078 2660 ct
1098 2620 1173 2681 quae
1196 2601 1379 2678 aprioribus

266 2707 372 2783 scripta
397 2713 552 2784 acceperat
574 2709 602 2766 in
625 2724 710 2767 suum
734 2724 821 2766 usum
844 2707 1001 2775 convertit,
1027 2707 1139 2775 omnia,
1163 2725 1238 2785 quae
1260 2708 1377 2786 quidem

266 2807 391 2887 aliquam
411 2812 561 2872 doctrinae
584 2816 711 2889 speciem
732 2830 803 2889 prae
828 2831 861 2871 se
882 2812 993 2878 serunt,
1016 2792 1052 2872 ex
1073 2812 1129 2872 iilis
1151 2812 1289 2872 ieiicioris
1306 2821 1378 2873 tern-

266 2915 346 2990 poris
369 2917 460 2991 copiis
482 2920 612 2994 quamvis
634 2917 723 2994 longo
753 2916 906 2977 intervallo
928 2925 958 2977 et
985 2920 1068 2996 quasi
1096 2918 1236 2995 gradibus
1259 2920 1378 2997 quibus-

267 3021 332 3079 dam
356 3021 480 3082 deducta
500 3023 645 3084 fluxerint.
692 3042 750 3101 quo
776 3024 807 3083 tit
830 3029 943 3082 utnon
967 3024 1062 3084 solnm
1083 3023 1230 3085 bonorum
1255 3036 1283 3086 et
1305 3028 1378 3087 anti·

266 3145 393 3204 quorum
417 3131 676 3203 grammaticorum
700 3133 842 3191 memoria
865 3150 901 3191 ex
925 3132 1087 3189 recentium
1110 3130 1173 3191 iere
1195 3138 1224 3191 ct
1246 3133 1378 3192 indocto·

266 3251 333 3292 rum
352 3234 534 3294 imitatorum
555 3236 638 3297 libris
657 3234 819 3298 excitanda*
829 3240 880 3306 sit,
905 3236 957 3296 sed
978 3236 1063 3295 ctiam
1084 3235 1153 3313 quid
1176 3238 1230 3314 ipsi
1253 3241 1377 3316 scripse·
1424 3255 1429 3263 ¹

266 3341 325 3398 rint
345 3340 389 3400 vel
412 3342 547 3419 quaesit
568 3359 669 3402 rerum
693 3344 865 3404 traditarum
885 3342 958 3402 tides
979 3358 1067 3417 saepe
1097 3340 1220 3402 iudicari
1243 3350 1378 3438 nequeat,

266 3446 320 3504 nisi
345 3453 482 3507 accurate
505 3449 682 3527 quaesiveris
711 3448 820 3528 quibus
846 3447 1016 3509 auctoribus
1042 3466 1177 3525 quaeque
1205 3450 1377 3512 debeantur.

267 3676 341 3737 quos
365 3661 395 3719 in
425 3660 510 3718 tertio
538 3658 685 3720 volumine
712 3663 972 3738 grammaticorum
993 3661 1163 3720 Latinorum
1183 3663 1275 3731 edidi,
1307 3664 1378 3723 mihi

266 3765 501 3844 suppeditabant.
536 3784 603 3827 nam
625 3767 662 3827 de
684 3767 870 3839 auctoribus
895 3768 1002 3847 quibus
1024 3766 1073 3827 iiie
1095 3768 1124 3825 iu
1148 3769 1181 3826 iis
1203 3766 1285 3828 libris
1305 3770 1378 3828 scri-

266 3869 370 3929 bendis
389 3890 461 3933 usus
483 3881 536 3944 est,
560 3890 704 3953 quaerens
724 3873 868 3952 quaedam
890 3872 977 3950 longe
999 3872 1082 3932 aliter
1101 3878 1187 3950 atque
1208 3874 1294 3949 vulgo
1314 3874 1378 3933 fieri

267 3975 340 4035 solet
372 3978 441 4038 mibi
466 3981 667 4041 constituenda
701 3996 765 4039 esse
793 3980 858 4039 vidi.
904 3997 979 4058 quae
1012 3965 1149 4057 quoniam
1179 3997 1234 4056 pro
1265 3982 1378 4039 ratione

267 4082 329 4141 eius
354 4083 488 4144 editionis
514 4084 680 4163 diligentius
709 4085 867 4163 explanare
893 4102 954 4143 non
980 4084 1074 4151 licuit,
1107 4102 1186 4143 nunc
1213 4085 1379 4144 accuratius

266 4192 404 4269 persequi
427 4190 535 4267 placet,
563 4166 737 4269 praesertim
760 4209 827 4251 curn
850 4192 909 4248 sint
931 4190 968 4250 de
990 4189 1096 4267 quibus
1120 4191 1177 4249 iarn
1202 4189 1312 4248 rectius
1333 4188 1379 4249 vei

268 4272 389 4363 certius,
413 4312 500 4373 quam
519 4298 587 4357 otim
611 4300 718 4358 iactum
744 4304 802 4365 est,
826 4303 954 4357 statuere
976 4312 1063 4373 posse
1081 4294 1152 4352 mibi
1176 4294 1284 4354 videar.
1330 4312 1378 4353 ac·

267 4400 390 4460 cedebat
407 4400 484 4461 aliud
508 4402 662 4479 quiddam,
691 4403 769 4482 quod
792 4421 840 4462 me
861 4403 951 4460 movit
972 4408 1005 4460 ut
1026 4400 1100 4459 baec
1122 4416 1217 4474 nuno,
1247 4398 1377 4456 nondum

672 4573 944 4685 297977
1136 4498 1176 4561 ff
