3234 4850
718 325 871 424 ..ζ-’ἰ-

142 533 145 538 ⁴
237 517 342 577 rodoto
365 517 556 592 grammatico
579 517 774 592 excogitatum
803 535 867 578 esse
889 515 1092 591 intellegebat,
1125 533 1232 575 nomen
1253 514 1350 575 Helio-

238 623 302 682 dori
325 623 448 688 metrici,
473 641 560 700 quern
583 623 619 684 de
639 625 750 683 musica
771 628 833 682 arte
857 623 1009 700 scripsisse
1025 620 1109 680 lacile
1132 622 1212 680 credi
1226 627 1349 698 poterat,

238 729 395 796 substituit,
420 728 507 788 verba
524 736 619 789 autem
637 731 677 788 sic
694 728 850 788 scribenda
872 745 937 788 esse
952 729 1085 796 coniecit,
1109 722 1264 802 καθάπερ
1284 747 1352 806 φη-

238 829 294 902 σὶν,
311 825 529 912 Ἡλιόδωρος,
559 822 595 902 ὃς
617 829 779 913 προσθεὶς
801 826 841 892 τὸ
856 827 914 893 Ἐν
935 831 973 894 dl
995 828 1228 910 Βατουσιάδης
1245 829 1283 892 ἐν
1305 834 1352 914 τῷ

237 931 314 1015 περὶ
337 936 499 1015 μουσικῆς
522 933 673 1019 ἐπιφέρει
687 939 802 1020 τρίπον
814 931 996 1018 ἡμιπόδιον
1008 933 1085 1000 ἀντὶ
1095 938 1157 998 τοῦ
1172 932 1235 998 delo
1246 932 1351 1016 ἥμισυ
1428 975 1434 995 i

238 1039 347 1114 πόδες.
417 1061 505 1121 quam
534 1043 735 1120 coniecturam
763 1052 913 1123 tamquam
943 1045 1134 1106 certissimam
1157 1045 1196 1104 ita
1217 1044 1352 1123 probavit

148 1197 149 1200 ι
236 1150 412 1211 Ritscbelius
435 1151 471 1210 de
487 1149 620 1210 biblioth.
637 1150 716 1210 illex.
737 1169 765 1228 p.
791 1151 859 1219 140,
882 1156 916 1210 ut
931 1150 988 1210 boc
1010 1152 1105 1228 ipsum
1126 1150 1349 1209 fundamentum

238 1259 300 1325 eius
325 1258 503 1335 quaestionis
530 1273 618 1333 quant
646 1256 682 1315 dc
709 1262 803 1317 aetate
832 1256 982 1317 Heliodori
1009 1257 1131 1316 instituit
1158 1272 1223 1316 esse
1254 1254 1349 1315 vellet.

237 1381 304 1423 nam
328 1382 394 1423 cum
422 1360 579 1440 conplures
594 1364 801 1438 grammaticos
823 1377 859 1421 eo
881 1363 1000 1422 nomine
1020 1363 1109 1422 luisse
1131 1359 1229 1420 subtili
1251 1361 1350 1437 dispu-

237 1469 345 1528 tatione
362 1470 524 1537 docuisset,
546 1468 626 1528 bunc
646 1469 695 1548 qui
712 1470 834 1528 metrica
853 1474 916 1528 arte
940 1471 1069 1546 exposita
1089 1468 1207 1529 laudem
1227 1467 1351 1544 adeptus
1445 1510 1449 1519 .

237 1581 281 1634 est
312 1581 379 1635 ante
406 1582 532 1636 aetatem
557 1575 742 1652 imperatoris
764 1574 887 1649 Augusti
909 1575 1014 1635 vixisse
1039 1583 1151 1636 eertum
1181 1592 1245 1634 esse
1270 1575 1349 1643 dixit,

236 1689 392 1759 propterea
417 1682 495 1762 quod
518 1682 671 1760 Didymus,
692 1699 780 1760 quem
796 1661 926 1740 nubilem
942 1680 1023 1740 illum
1045 1682 1268 1755 grammaticum
1292 1680 1350 1739 Au·

237 1793 322 1864 gusto
344 1787 495 1866 aequalem
519 1807 583 1848 esse
606 1788 768 1856 statuebat,
791 1788 854 1846 eius
876 1787 1055 1845 mentionem
1079 1785 1203 1844 iecisset.
1247 1792 1350 1844 contra

236 1893 317 1953 buno
339 1895 489 1972 disputans
511 1893 719 1972 Bernhardyus
739 1895 767 1952 iu
791 1892 886 1952 annal.
904 1872 967 1953 crit.
988 1889 1086 1952 Berol.
1110 1890 1223 1963 (Jahrb.
1247 1892 1266 1950 i.
1285 1893 1350 1950 wis·

237 1997 616 2079 senscb.H1·itik)a.1838
638 2017 666 2076 p.
691 1999 767 2069 832,
790 2015 969 2076 quamquam
990 2003 1103 2057 certum
1124 1997 1161 2056 de
1182 2004 1275 2058 aetate
1293 1999 1350 2058 He-

236 2104 341 2164 liodori
369 2107 508 2166 iudicium
536 2113 596 2165 non
627 2104 763 2182 protulit,
793 2084 891 2185 lamen
919 2119 979 2162 uon
1006 2101 1148 2162 dubitarit
1170 2104 1241 2179 quin
1270 2110 1350 2164 recte

236 2212 305 2272 illud
329 2230 437 2272 nomen
454 2211 491 2270 ab
505 2200 674 2271 Hermanno
696 2210 862 2270 restitutum
876 2215 963 2290 esset.
1001 2207 1078 2268 idem
1094 2206 1203 2284 placuit
1224 2207 1350 2295 Bergkio

236 2337 310 2377 mus.
331 2317 465 2378 llbenau.
490 2317 625 2377 novissi
649 2317 684 2396 (a.
706 2315 795 2394 1842)
817 2334 846 2392 p.
862 2314 936 2383 381,
964 2314 1022 2393 qui,
1051 2331 1118 2371 cum
1144 2313 1174 2372 id
1196 2321 1296 2391 ageret
1319 2324 1350 2374 ut

236 2424 425 2485 Heliodorum
448 2424 607 2494 rhetorem,
626 2443 693 2485 eum
707 2441 800 2503 quem
820 2421 956 2484 comitem
972 2420 1084 2479 itineris
1106 2419 1161 2479 sibi
1177 2420 1266 2481 luisse
1282 2423 1352 2482 dicit

236 2530 373 2589 Horatius
404 2536 456 2589 sat.
485 2530 557 2599 15,
593 2531 627 2601 2,
658 2548 717 2589 non
743 2529 892 2589 diversum
916 2545 980 2587 esse
1007 2526 1130 2586 doceret
1161 2544 1178 2585 a
1210 2532 1350 2589 metricae

181 2698 184 2705 .
237 2638 306 2695 artis
335 2638 506 2713 scriptore,
519 2638 576 2698 boc
596 2656 655 2697 non
676 2636 798 2717 putabat
820 2634 916 2693 teneri
937 2648 1038 2709 posse,
1067 2633 1122 2693 nisi
1150 2633 1188 2692 ita
1209 2639 1242 2692 ut
1263 2634 1350 2712 bruy.
1447 2681 1449 2684 ,

148 2780 150 2784 -
236 2760 316 2809 mus,
349 2744 431 2801 cuirrs
455 2744 544 2823 rerba
566 2744 734 2804 Priscianus
763 2740 933 2817 adscripsit,
963 2733 1036 2799 alius
1056 2745 1144 2817 atque
1167 2738 1274 2798 nobilis
1302 2740 1349 2801 ille
1389 2736 1399 2749 ‘

236 2847 444 2922 grammaticus
475 2856 559 2909 esset.
606 2848 781 2927 quidquod
810 2848 839 2905 in
868 2845 992 2904 eandem
1016 2846 1233 2914 coniecturam,
1262 2865 1350 2924 quam

221 2954 422 3013 ·llermannus
437 2934 599 3032 proposuit,
624 2954 692 3014 olim
708 2954 852 3013 inciderat
873 2941 1032 3016 Personus,
1047 2955 1081 3007 ut
1094 2950 1202 3009 indicat
1217 2951 1348 3020 Kiddius,

235 3061 348 3121 Person
371 3067 462 3121 tracts
493 3058 793 3121 and'miscellaueous
818 3058 982 3119 criticisms.
1006 3074 1034 3133 p.
1059 3057 1141 3115 3111
1169 3062 1200 3116 ut
1222 3058 1350 3127 dirorum

235 3184 419 3227 summorum
442 3170 611 3229 criticorum
631 3183 776 3227 consensu
801 3182 910 3227 nomeu
930 3162 1082 3223 Heliodori
1102 3170 1198 3224 tutum
1225 3184 1289 3225 esse
1308 3167 1349 3225 vi-

235 3274 364 3334 deretur.
412 3280 538 3334 attamen
557 3274 630 3333 nibil
653 3272 761 3333 certius
785 3277 840 3350 est,
863 3289 950 3349 quam
965 3269 1106 3329 Herodoti
1123 3288 1247 3361 upmen,
1270 3274 1349 3349 quod

234 3382 264 3439 in
283 3380 366 3440 libris
384 3380 607 3456 manuscriptis
630 3388 688 3448 est,
714 3362 862 3438 sollicitari
885 3395 944 3435 non
967 3374 1114 3436 debuisse.
1157 3396 1225 3437 narn
1246 3385 1278 3437 ut
1293 3379 1350 3439 hoc
1433 3373 1440 3379 ’

235 3487 313 3565 quod
335 3486 465 3548 secundo
489 3484 554 3545 loco
573 3507 588 3547 a
605 3488 795 3563 grammatico
811 3485 938 3563 positum
954 3489 1006 3549 est,
1030 3478 1062 3555 ἒξ
1079 3476 1183 3561 ἥμισυ
1203 3479 1350 3543 τάλαντα

235 3587 380 3671 ἕβδομον
403 3584 645 3671 lipardi-uocum
676 3587 716 3652 ex'
739 3590 882 3651 Herodoti
909 3590 1078 3649 narratione
1107 3588 1143 3647 de
1170 3588 1256 3649 leone
1282 3587 1349 3648 llel.

235 3698 321 3775 pbico
355 3700 367 3759 l
400 3699 458 3767 50,
493 3709 580 3778 quain
608 3698 704 3777 paullo
731 3706 798 3758 ante
825 3696 980 3773 adscripsit
1003 3695 1192 3762 Priscianus,
1226 3694 1350 3769 petitum

224 3786 299 3863 'esse
327 3810 454 3872 constat,
484 3805 523 3864 ita
546 3804 672 3864 dubitari
694 3803 796 3881 nequit
819 3802 888 3879 quin
917 3799 988 3861 illud
1009 3800 1088 3879 quod
1112 3799 1259 3876 sequitur.
1293 3792 1349 3857 uui

235 3904 313 3981 τοὺς
336 3908 499 3988 τέσσαρας
525 3903 629 3987 ἥμισυ
655 3904 770 3987 πήχεις
798 3902 951 3986 πέμπτην
978 3899 1173 3984 σπιθαμήν,
1208 3905 1244 3965 ad
1275 3904 1349 3963 haec

236 4033 310 4092 quae
347 3992 392 4073 de
409 4014 535 4093 imagine
563 4016 640 4091 regis
662 4014 794 4099 Aegyptii
823 4014 900 4073 idem
928 4014 1055 4089 scriptor
1083 4010 1110 4070 ll
1138 4010 1198 4070 106
1226 4007 1347 4075 rettulit,

234 4115 381 4197 μέγαθος
406 4118 554 4199 πέμπτης
574 4120 761 4199 σπιθαμῆς,
791 4119 981 4191 referendum
1003 4118 1055 4185 sit;
1088 4114 1348 4191 animadvertitque

235 4223 305 4284 illud
327 4225 495 4285 iamdudum
515 4222 668 4284 Elmsleius
687 4224 818 4284 classical
830 4223 949 4304 journal
968 4221 1023 4282 vol.
1038 4221 1112 4300 V.(a.
1128 4219 1217 4298 1812)
1233 4235 1262 4296 p.
1276 4219 1347 4279 334.
1411 4268 1414 4276 ,

235 4333 372 4410 quoniam
396 4332 483 4409 igitur
507 4331 582 4391 duae
605 4330 784 4391 elocutiones
807 4348 843 4391 ex
863 4328 1006 4390 Herodoti
1029 4326 1113 4388 libris
1134 4327 1246 4406 positae
1269 4330 1347 4394 sunt,
