3234 4850
761 413 774 420 .
828 331 846 388 5
885 413 912 419 ,-

175 497 183 506 ’
278 514 333 573 dcx
357 511 564 588 Eniangcusis;
587 513 690 589 quain
708 530 740 571 cc
758 532 792 572 cx
808 530 915 590 magun
930 528 1055 572 numero
1071 510 1221 576 codicum,
1243 508 1394 588 inquibus

278 620 325 680 liic
339 619 599 695 libellusscriptus
618 625 675 686 est,
695 620 786 690 dum,
803 626 945 697 quantum
961 619 1036 683 scin,
1059 614 1149 675 habet
1167 616 1391 684 consentientes,

278 725 452 786 Leidensem
475 742 562 802 quem
586 742 674 801 supra
700 725 758 786 dixi
782 734 811 788 ct
833 726 1039 786 Munaccuscm
1064 719 1134 782 280.
1176 717 1301 788 siiam'in
1325 721 1392 780 ncli-

277 833 438 911 quishaec
461 829 524 889 scic
544 831 651 890 omissa
674 841 750 894 suut.
796 847 973 912 quamquam
996 830 1026 887 in
1048 828 1093 887 uis
1116 847 1234 907 ηιιοηιιε
1256 829 1328 888 locis
1350 830 1392 888 sic

277 957 343 1000 cum
367 937 422 998 iilis
444 939 598 1011 consentit,
615 945 648 997 ut
669 939 715 996 vix
731 937 888 1024 quicquam
911 936 987 1004 novi,
1010 935 1089 1013 quud
1111 935 1227 994 illorum
1250 935 1307 994 tide
1323 953 1391 1012 pm-

275 1044 377 1104 hatum
400 1061 459 1102 nnn
482 1044 533 1110 sit,
565 1043 694 1102 accedat.
739 1041 791 1100 sud
816 1042 953 1118 quoniam
976 1061 1008 1100 ua
1032 1059 1107 1118 <niae
1127 1041 1163 1100 da
1184 1039 1355 1099 aucturihus
1377 1058 1393 1099 a

275 1151 425 1210 Priscianu
448 1147 584 1208 adhibitis
599 1166 646 1208 mc
662 1149 878 1226 disputaturum
902 1164 966 1206 assa
989 1146 1047 1205 dixi
1070 1147 1105 1205 ad
1129 1166 1162 1206 ca
1185 1148 1310 1206 maxime
1325 1165 1392 1223 pcr-
1426 1147 1434 1160 ’

275 1258 383 1322 tinent,
415 1271 490 1331 quaa
520 1273 554 1314 cx
579 1255 692 1334 Didymi
714 1253 790 1314 libro
814 1247 892 1330 περὶ
917 1249 975 1331 τῆς
1000 1246 1091 1333 παρά
1109 1246 1279 1332 Ῥωμαίοις
1309 1247 1393 1313 άνα-

275 1359 563 1440 λογίαςδεεοιήιῑα
593 1369 661 1421 suut
689 1381 718 1440 p.
746 1357 827 1419 1350
855 1376 915 1435 sq.,
944 1358 1018 1418 hacc
1046 1361 1174 1436 primum
1201 1362 1255 1427 ita,
1293 1369 1325 1420 ut
1357 1381 1392 1420 cx

275 1465 369 1526 tribus
386 1465 546 1534 codicibus,
571 1485 697 1546 quorum
713 1465 908 1542 discrepantia
923 1463 1055 1524 subiecta
1078 1472 1131 1535 cst,
1156 1468 1316 1537 emendati,
1340 1469 1390 1527 ad-

274 1589 392 1649 nouam.

357 1699 503 1774 Didymus
517 1702 605 1758 etium
621 1715 657 1758 ea
672 1703 842 1771 confirmet:
859 1694 926 1759 Καὶ
938 1692 1092 1777 Δι’δυμος
1113 1695 1151 1759 ἐν
1172 1696 1219 1779 τῷ
1240 1692 1316 1775 περὶ
1332 1697 1390 1776 τῆς

273 1796 364 1884 παρά
375 1797 545 1883 Ῥωμαίοις
562 1797 743 1881 ἀναλογίας
766 1799 898 1881 ,,’Ίωνες
912 1798 968 1864 καὶ
987 1797 1128 1864 Ἀττικοὶ
1149 1797 1188 1864 τά
1208 1795 1270 1862 δύο
1286 1795 1390 1880 ἥμισυ
1470 1853 1473 1856 ,

272 1905 376 1991 ἥμισυ
399 1912 514 1992 τρίτον
529 1908 646 1989 φασίν,
665 1905 722 1996 καὶ
743 1903 783 1969 τά
803 1907 835 1984 ἓξ
857 1905 961 1989 ἥμισυ
976 1906 1124 1970 τάλαντα
1145 1892 1291 1989 ἕβδομον
1310 1902 1389 1989 ἡμι-

273 2012 450 2104 τάλαντον,
475 2010 624 2087 καὶτοὺς
642 2012 804 2096 τέσσαρας
824 2011 930 2096 ἥμισυ
953 2011 1067 2095 πήχεις
1089 2013 1242 2095 πέμπτην
1262 2017 1388 2074 σπάλα-

271 2118 350 2201 μη’ν,
371 2119 527 2204 καθάπερ
549 2118 655 2204 φησὶν
665 2114 845 2202 Ἡρόδοτος
865 2143 884 2178 α
908 2118 1049 2201 προθεὶς
1069 2116 1106 2185 τό
1125 2121 1177 2184 (έν
1196 2119 1233 2181 δὲ
1256 2122 1422 2181 Batou-5

272 2225 407 2308 σιάδης’
437 2226 475 2289 ἐν
496 2229 542 2311 τῷ
568 2223 645 2310 περὶ
671 2220 835 2307 μουσικῆς
858 2225 1008 2307 ἐπιφέρει
1030 2229 1167 2310 <τρίτον
1187 2222 1387 2309 ἡμιπόδιον’

272 2331 347 2396 άντὶ
370 2335 430 2396 τοῦ
452 2330 515 2396 δύο
538 2331 644 2416 ἥμισυ
667 2331 777 2408 πόδες.
821 2331 878 2395 καὶ
899 2329 1070 2413 καθόλου,
1094 2330 1175 2396 ὅταν
1197 2330 1388 2414 βούλωνται

271 2438 419 2523 ἀριθμόν
440 2461 517 2501 τινα
535 2439 663 2521 δηλοῦν
684 2440 741 2504 καὶ
761 2438 884 2522 μόριόν
904 2462 935 2502 τι
958 2442 1215 2524 προσκείμενον,
1238 2438 1276 2503 τὸ
1298 2436 1387 2521 ὁμά-

271 2569 381 2629 νυμον
405 2547 466 2609 τοῦ
486 2542 635 2627 άριθμοά
655 2544 708 2609 utet
732 2548 792 2609 τοῦ
811 2534 1051 2623 πλεονάζοντος
1072 2545 1231 2629 λαβόντες
1250 2543 1288 2610 τό
1308 2545 1387 2610 ὅλον

270 2656 393 2736 φασίν,
424 2642 498 2715 οἷον
527 2648 566 2713 τά
590 2651 622 2728 ἓξ
643 2649 747 2734 ἥμισυ
769 2650 915 2734 ἕβδομον
943 2650 1046 2736 ἥμισύ
1065 2669 1187 2735 φασιν,
1216 2656 1276 2742 τοῦ
1304 2651 1386 2716 ἑπτά
1407 2659 1437 2707 Ιθ

271 2757 458 2841 [ἑβδόμου],
480 2752 516 2832 ὃς
536 2757 657 2839 μονάδι
674 2757 847 2836 πλεονάζει
862 2762 923 2821 τοῦ
944 2758 990 2841 ἓξ,
1012 2756 1050 2823 τὸ
1062 2756 1243 2841 ὁμάννμον
1261 2758 1386 2842 λαβόν-

270 2885 333 2938 τες.
369 2860 425 2926 καλ
442 2860 594 2944 Ῥωμαῖοι
611 2860 648 2925 δὲ
668 2857 913 2947 εὑρεθήσονται
930 2862 1037 2949 τούτῳ
1055 2864 1219 2947 χρώμενοι
1239 2866 1287 2949 τῷ
1305 2864 1386 2948 σχή-

269 2993 357 3051 ματι.
398 2966 438 3031 τά
459 2965 523 3052 γάρ
545 2965 607 3032 δύο
622 2966 726 3050 ἥμισυ
747 2964 909 3051 άσσάρια,
932 2967 1017 3053 άπερ
1032 2959 1077 3052 ἦν
1091 2974 1236 3056 τέσσαρα
1251 2973 1311 3033 τοῦ
1325 2972 1386 3053 δη-

270 3077 391 3159 ναριόυ
415 3070 505 3157 (δέκα
532 3068 603 3159 γάρ’
616 3071 766 3156 ἠδύνατο
789 3072 935 3159 άσσάρια
957 3071 1006 3160 cd
1017 3076 1197 3160 δηνάριον,
1221 3071 1266 3151 οδς
1289 3073 1385 3142 αὐτοὶ

269 3179 427 3262 λέγουσιν
450 3180 634 3265 δηναρίονς
653 3178 743 3265 παρά
761 3178 798 3245 τὸ
822 3182 909 3264 δῆνα
931 3181 1227 3270 ἐσχηματισμένοι),
1245 3186 1385 3271 σηστέρ-
1405 3196 1436 3245 15

268 3284 522 3368 τισάμφασιν,
555 3286 701 3368 τοῦμὲν
723 3304 763 3370 ση
785 3286 823 3351 τὸ
848 3286 952 3371 ἥμισυ
975 3290 1176 3373 δηλοῦντος,
1207 3288 1251 3368 ὦς
1279 3294 1318 3358 έν
1338 3300 1386 3381 τῷ

269 3392 457 3476 σημόδιονμ
476 3389 646 3473 σήσκονας
662 3391 879 3476 σησκουπλα,
903 3399 964 3459 τοῦ
978 3396 1015 3460 δὲ
1031 3396 1187 3481 τέρτιουμ
1206 3395 1243 3462 τὸ
1258 3403 1383 3484 τρίτον,

268 3504 328 3564 καί
348 3500 439 3563 ε’στιν
461 3496 566 3582 ἥμισυ
589 3501 740 3582 τρίτον,”
771 3499 811 3563 τά
837 3501 873 3565 δὲ
892 3506 982 3586 χίλια
1003 3504 1178 3587 σηστέρτια
1201 3518 1292 3570 ποιεῖ’
1308 3508 1383 3571 δια-

268 3604 365 3691 κόσια
387 3603 595 3686 πεντήκοντα
622 3603 767 3689 δηνάρια
789 3604 940 3692 άργυρά,
971 3610 1051 3673 δέκα
1083 3610 1120 3673 δὲ
1143 3614 1273 3695 χρυσοῖ,
1296 3611 1382 3695 άπερ

268 3709 323 3773 καὶ
343 3714 439 3793 μίλλε
459 3709 618 3792 νοάμμως
639 3695 755 3793 φασίν.
790 3710 828 3775 τό
850 3712 887 3777 δὲ
904 3714 1073 3798 σήσκονας
1094 3715 1263 3782 σύνθετόν
1288 3719 1381 3784 ἐστιν
1399 3736 1433 3784 20

267 3814 333 3880 άπὸ
349 3820 409 3880 τοῦ
424 3833 464 3899 ση
487 3814 544 3879 καὶ
563 3819 624 3879 τοῦ
639 3828 725 3900 κουμ
747 3817 802 3881 καὶ
825 3823 886 3882 τοῦ
910 3814 949 3896 dg
963 3817 1069 3904 άσσις,
1094 3828 1154 3888 καί
1171 3826 1263 3889 ἐστιν
1276 3824 1380 3910 ἥμισυ

267 3920 331 3985 συν
354 3920 515 4007 άσσαρίῳ,
537 3922 708 3988 τουτέστιν
724 3926 760 3989 ἓν
779 3922 883 4012 ἥμισυ
902 3924 1075 4013 άσσάριον.
1120 3927 1233 4015 ὥσπερ
1248 3931 1285 3995 δὲ
1299 3930 1380 4017 ἡμέ-

266 4027 387 4110 διμνον
415 4028 572 4110 λέγουσιν
591 4028 732 4095 Ἀττικολ
754 4029 831 4095 άντλ
852 4036 913 4095 τοῦ
932 4029 1172 4117 ἡμιμέδιμνον,
1197 4035 1302 4114 οὕτως
1324 4040 1381 4103 καὶ
1412 4030 1424 4044 “

267 4120 361 4196 οὗτοι
383 4133 581 4217 σημάδιονμ,
606 4135 846 4215 πλεονάζοντος
868 4142 929 4202 τοῦ
948 4156 977 4204 σ.
1050 4150 1053 4159 “

324 4253 335 4302 l
350 4252 466 4305 didimus
484 4257 568 4306 ctiam
583 4274 617 4308 ea
629 4260 770 4327 coufirmat
782 4258 863 4323 (corr.
876 4278 941 4311 man.
954 4278 1006 4312 aec.
1020 4264 1072 4313 hoc
1085 4264 1242 4331 confirmat)
1255 4266 1319 4316 ΚΑΙ
1331 4268 1379 4316 ΔΙ-

267 4337 389 4393 ΔΤΝΟὈ
408 4344 455 4395 ΕΝ
472 4344 523 4395 ΤΩ
536 4346 627 4395 ΠΕΡΙ
638 4348 709 4397 TEG
723 4348 822 4398 IIAPA
834 4349 1022 4400 ΡΩΑΙΑΙΟΙΟ
1035 4351 1251 4403 annuntium
1265 4354 1379 4407 Istunc
